3156 5040
678 209 1037 276 2-8—·

293 399 390 464 ἔδωκε
408 398 631 484 θριαμβεῦσαι.
676 397 775 475 Quem
796 398 898 466 locum
915 398 1046 479 Appiani
1070 401 1123 466 alii
1144 402 1202 466 viri
1215 403 1298 468 dooti
1320 406 1429 470 aliurn,
1493 441 1495 446 ·

293 503 324 566 iu
346 502 472 566 modum
494 501 692 582 interpretati
714 505 795 565 sunt.
841 502 885 566 Αο
914 501 1037 582 plurimi
1069 504 1194 585 quidem
1216 507 1289 571 inde
1309 527 1414 574 neces·

294 606 377 670 sario
399 604 488 685 sequi
515 605 670 684 putabant
691 603 860 668 Messalam
882 604 953 668 inde
990 623 1136 687 apugua
1159 609 1285 674 Actiaca
1308 591 1415 676 statim

206 723 209 729 ·
293 708 333 774 ad
347 701 517 789 Aquitanos
541 707 593 787 qui
609 706 649 770 ab
672 705 772 771 officio
785 705 963 771 defecerant
975 707 1175 775 debellandos
1192 711 1231 776 ab
1244 712 1414 780 Octaviano

292 812 422 893 missum
446 829 523 886 esse,
549 809 620 873 anui
641 802 738 890 igitur
761 811 822 874 723
857 814 1022 874 auctumno
1057 810 1171 875 bellum
1194 815 1414 895 Aquitauioum
1441 853 1443 858 ·

293 933 361 977 esse
385 918 564 993 susceptum
586 913 684 977 etita
721 912 940 976 ratiocinantes
977 913 1048 978 hoe·
1071 914 1186 979 bellum
1204 922 1206 928 ‘
1224 916 1307 981 idern
1344 937 1413 984 esse

236 1076 241 1088 ,
292 1017 410 1098 opinati
432 1020 504 1079 sunt
527 1021 621 1096 atque
644 1015 675 1078 id
698 1016 781 1097 quod
804 1016 834 1079 in
857 1015 958 1096 elegia
992 1016 1112 1082 decima
1135 1019 1309 1084 Tibulliana
1332 1040 1412 1101 quae

293 1120 428 1184 omnium
451 1137 602 1182 consensu
626 1118 762 1182 onmium
784 1117 855 1180 libri
877 1119 969 1198 primi
991 1120 1161 1200 elegiarum
1184 1122 1285 1202 prima
1298 1125 1412 1205 scripta

244 1265 246 1270 .
292 1227 341 1287 ost
363 1225 632 1300 commemoratur,
657 1239 749 1300 quum
773 1221 926 1284 rationem
949 1223 1047 1285 secuti
1071 1224 1187 1305 elegias
1218 1225 1287 1289 libri
1321 1228 1413 1306 primi

291 1327 322 1390 iu
344 1325 484 1390 ordinem
512 1323 707 1404 redegerunt.
753 1322 870 1400 Quodsi
893 1323 938 1387 ita
974 1343 1024 1388 res
1062 1345 1096 1390 se
1133 1327 1264 1393 haberet
1299 1331 1414 1398 mirum

292 1435 375 1516 certe
397 1433 482 1492 esset
504 1445 564 1498 eur
579 1425 717 1489 Messala
738 1425 819 1512 bello
842 1424 929 1491 finito
962 1447 1023 1491 non
1047 1429 1156 1506 eodem
1194 1437 1249 1496 aut
1285 1439 1413 1513 postero

291 1551 371 1596 11111
393 1532 524 1595 Romam
547 1547 691 1594 reversus
714 1528 921 1609 triumpharet
944 1549 1012 1594 oum
1041 1533 1227 1612 praesertim
1251 1535 1412 1617 Augustus

290 1635 371 1699 bello
394 1633 619 1702 omnllntouio
643 1629 780 1696 conlecto
804 1651 831 1697 a.
857 1634 917 1702 721
953 1638 985 1696 11
1007 1627 1042 1698 Os
1065 1633 1211 1700 Carrinas
1236 1657 1263 1702 a.
1290 1639 1350 1702 726
1374 1659 1412 1703 ex
1473 1623 1478 1632 ¹

291 1737 393 1801 Gallia
404 1735 553 1816 triumphi
565 1735 698 1798 honoros
711 1734 965 1815 adipiscerentur,
989 1737 1044 1800 sed
1057 1737 1211 1802 Messalae
1235 1741 1411 1822 triumphus

289 1859 387 1921 usque
411 1840 451 1903 ad
474 1859 500 1902 1.
526 1840 587 1919 727
611 1836 795 1902 differretur.
842 1838 909 1924 Quo
932 1840 1076 1918 scrupulo
1089 1844 1124 1904 ut
1136 1843 1277 1922 quaestio
1300 1843 1412 1909 libera-

289 1949 376 2006 retur
398 1943 478 2006 lrano
500 1960 626 2034 oausam
648 1940 796 2020 triumphi
820 1941 863 2010 sio
886 1940 973 2004 dilati
989 1943 1046 2006 viri
1069 1943 1097 2010 d.
1122 1944 1303 2025 attulerunt,
1328 1950 1410 2027 quod

289 2045 426 2110 Messala
448 2044 528 2108 bello
551 2043 735 2123 Aquitanico
749 2043 896 2112 Ι11111111
925 2044 1010 2108 nulla
1043 2064 1130 2110 mora
1152 2047 1336 2130 interposita
1367 2051 1408 2113 ab

279 2149 510 2214 0111111111
533 2147 640 2210 Asiam
662 2146 776 2212 missus
800 2153 885 2210 esset
906 2152 941 2211 ut
964 2154 1072 2228 gentes
1096 2149 1299 2234 civitatesque
1326 2169 1407 2232 quae

270 2247 872 2329 11111111111111111111’1111111111
908 2250 974 2315 eius
1012 2255 1203 2338 potestatem
1240 2253 1406 2336 redigeret,

287 2355 368 2420 unde
390 2355 522 2420 Romam
548 2371 610 2418 uon
648 2353 831 2418 reuertisset
867 2353 1050 2435 priusquam
1071 2355 1264 2436 triumphum
1301 2363 1411 2440 ageret

285 2459 303 2524 i.
327 2477 403 2524 11.
428 2458 498 2524 727.
544 2455 616 2521 Nixi
638 2460 711 2520 suut
733 2455 786 2536 qui
808 2474 865 2536 pro
900 2457 959 2521 hau
992 2459 1222 2542 computatione
1255 2465 1406 2542 pugnant,

284 2560 352 2626 loeo
374 2563 510 2643 quodam
533 2559 640 2624 Dionis
669 2557 769 2623 Cassii
805 2558 859 2639 qui
894 2560 926 2624 in
963 2560 1007 2624 eis
1046 2580 1126 2641 quae
1162 2565 1235 2641 post
1270 2579 1409 2647 pugnam

274 2664 511 2730 ,1111111111
538 2663 614 2727 Asia
646 2661 851 2745 Aegyptoque
888 2661 1067 2728 acciderunt
1103 2662 1284 2729 enarrandis
1322 2652 1424 2742 (hist-

283 2767 373 2836 Rom.
411 2768 497 2848 51‚7)
534 2765 612 2831 haec
633 2763 746 2830 habet:
767 2759 845 2830 ιΚαί
864 2791 920 2848 μοι
951 2766 1121 2849 θαυμάσαι
1153 2761 1324 2853 ἐπέρχεται
1359 2762 1408 2835 ότι

283 2865 388 2937 ἄλλοτ’
412 2866 477 2953 μὲν,
508 2873 630 2950 συχνοί,
671 2874 788 2955 καίπερ
832 2866 937 2935 πολλὰ
971 2865 1049 2955 παρ’
1084 2863 1191 2935 aalide
1234 2871 1407 2959 εἰληφότες,

283 2969 495 3056 ε’γκατὲλιπόν
512 2995 604 3058 σφας,
620 2972 650 3037 οἱ
666 2973 699 3036 δὲ
717 2969 771 3036 ἐπὶ
786 2981 855 3046 ταῖς
874 2966 1086 3055 όπλομαχίαις
1100 2972 1135 3038 ἐν
1150 2983 1216 3048 τοῖς
1230 2968 1407 3058 ἀτιμότατα

188 3158 191 3163 ι
281 3076 476 3165 τρεφόμενοι
497 3081 669 3162 προθυμίᾳ
701 3098 737 3140 τε
760 3075 818 3172 εἰς·
836 3069 952 3150 αότοὺς
984 3078 1117 3166 πλείστγγ
1150 3075 1323 3168 ἐχρήσαντο
1356 3081 1407 3144 καὶ

282 3176 491 3266 ἀνδρειότατα
524 3174 727 3269 ἠγωνίσαντο.
771 3177 869 3243 Oinoe
913 3174 971 3263 γὰρ
1009 3178 1044 3244 ἐν
1077 3185 1197 3270 Κυζίκῳ
1220 3178 1302 3269 πρὸς
1334 3177 1408 3255 τοὺς

282 3284 456 3370 deauratione
467 3278 598 3368 ἀγῶνας,
616 3275 670 3355 οὓς
681 3280 735 3346 ἐπὶ
747 3281 792 3370 τῷ
807 3289 940 3367 Καίσαρι
952 3278 1192 3372 alternitatem,
1204 3280 1406 3365 ἀσκούμενοι,

284 3386 355 3452 τότε
387 3382 498 3474 ἐπειδὴ
531 3385 662 3464 τάχιστα
694 3385 758 3448 ταῖν
798 3384 975 3467 γεγονότων
1009 3383 1159 3478 ᾔσθοντο,
1194 3379 1343 3470 δι’ρμιγσαν
1376 3385 1406 3458 ἐς

179 3494 182 3502 ’
280 3487 339 3580 ripn
360 3491 524 3572 Αἴγυπτον
548 3482 588 3562 ὡς
610 3491 663 3552 καὶ
685 3485 901 3575 βοηθήσοντες
923 3485 1040 3582 αὐτοῖς,
1064 3492 1117 3553 καὶ
1147 3483 1252 3553 πολλὰ
1268 3489 1328 3568 μὲν
1348 3484 1406 3554 τὸν

279 3588 442 3676 ’Λμόνταν
465 3590 500 3658 ἕν
521 3593 561 3683 τῇ
582 3594 732 3678 Γαλατία,
763 3593 868 3658 πολλὰ
892 3594 926 3658 δὲ
953 3597 1005 3658 καὶ
1027 3587 1100 3664 τοὺς
1122 3592 1182 3655 τοῦ
1208 3596 1406 3678 Ταρακονδι-

202 3717 205 3724 ·
279 3697 386 3780 μότου
405 3699 522 3770 παῖδας
544 3693 579 3761 ε’,ν
601 3696 641 3786 τῇ
662 3698 795 3783 Κιλικία,
819 3698 931 3781 φίλους
953 3703 1012 3778 μέν
1025 3715 1130 3779 σφισιν
1153 3693 1183 3769 ἐς
1206 3690 1245 3760 τὰ
1268 3693 1424 3778 μάλιστα

279 3807 477 3883 γενομένους,
499 3799 573 3883 τότε
596 3801 629 3864 δὲ
651 3796 733 3885 πρὸς
752 3797 790 3864 τὰ
814 3798 961 3886 παρόντα
984 3795 1212 3882 μεταστάντας,
1237 3796 1346 3865 πολλὰ
1372 3801 1428 3884 δὲΙ

278 3908 331 3969 καὶ
352 3899 410 3969 τόν
432 3907 543 3969 Δίδιον
564 3901 729 3970 κωλύοντά
745 3924 825 3988 σφας
839 3904 893 3992 τῆς
909 3901 1019 3968 διόδου
1035 3897 1182 3989 ἔδρασαν.
1227 3897 1274 3967 od
1292 3910 1404 3983 μέντοι

278 4011 331 4073 καὶ
354 4011 517 4073 διαπεσεῖν
539 4004 570 4079 ἐς
591 4002 651 4096 τὴν
673 4006 837 4087 Αἴγυπτον
849 4001 1065 4095 ἠδυνήθησαν,
1089 4000 1159 4072 ἀλλ’
1186 4001 1298 4092 ἐπειδὴ
1320 4029 1405 4070 παν-

278 4109 420 4190 ταχόθεν
441 4108 780 4197 ’περιεστοιχίσθησαν
804 4109 900 4191 λόγον
921 4109 981 4192 μὲν
1005 4104 1073 4174 οὐδ’
1103 4103 1278 4186 draitona,
1301 4114 1404 4174 καίτοι
1481 4185 1483 4192 Α

278 4215 337 4280 τοῦ
356 4217 470 4280 Διδίου
500 4212 600 4292 συχνά
634 4221 740 4297 σφισιν
768 4205 1037 4295 ὑπισχνουμένου,
1071 4215 1311 4298 προςεδὲξαντο,
1345 4206 1403 4276 τὸν

265 4319 312 4386 ,δὲ
337 4313 511 4385 ’Λντώνιον
533 4309 871 4402 μεταπέμψαντεςώς
889 4319 941 4381 καὶ
953 4314 988 4380 εὐ
1003 4317 1043 4405 rr}
1066 4321 1166 4402 Συρίᾳ
1181 4307 1317 4398 ἀμεινον
1332 4309 1403 4398 μετ’

278 4417 379 4489 111τοῦ
401 4420 647 4512 πολεμήσοντες,
670 4412 771 4484 ἔπειτ’
794 4412 906 4508 ἐπειδὴ
928 4417 1046 4491 ἐκεῖνος
1079 4413 1153 4508 μήτ’
1189 4413 1286 4494 αὐτὸς
1317 4405 1404 4510 ¹ridde
