3198 5032
730 198 956 277 -404

278 397 316 473 ea
339 407 441 473 omnia
463 405 677 495 demonstrarat
699 404 872 468 arctissimo
894 403 1014 468 vinculo
1047 403 1130 472 inter
1151 422 1185 467 so
1220 403 1397 468 coniunctos

279 503 347 576 esse
371 505 510 574 amantes
533 507 669 588 nihilque
691 514 818 586 poetam
840 507 976 586 cogitare
1000 497 1038 570 de
1061 505 1191 587 perfidia
1205 506 1314 570 Deliae
1339 506 1398 569 sed

280 612 470 678 confidenter
492 631 562 676 eam
584 611 642 675 sibi
665 609 718 672 551
746 609 883 672 deditam
916 627 985 673 5555
1020 611 1155 680 credere.
1201 609 1288 686 Quae
1324 627 1396 689 spes

280 715 392 780 fefellit
416 719 549 795 poetam.
595 713 677 777 Nam
700 711 833 794 Corcyra
869 711 1047 776 valetudine
1084 712 1231 776 restituta
1268 699 1399 780 Romani

206 891 210 900 ,
279 837 423 883 reversus
445 837 517 882 mox
538 815 691 897 intellegit
712 814 834 878 Deliam
857 833 921 894 555
943 820 1012 880 5555
1039 815 1166 879 levitate
1199 833 1234 878 se
1268 815 1397 878 absente

281 921 351 1000 aliis
374 920 479 985 favere
502 921 640 1000 coepisse
664 918 747 998 quod
769 918 871 982 elucet
893 937 909 982 e
933 919 1067 982 carmine
1089 917 1189 999 primo
1213 905 1300 981 brevi
1327 921 1405 998 post

280 1025 415 1089 reditum
438 1023 608 1104 composita
630 1040 692 1101 555
708 1019 863 1086 Messalae
887 1039 920 1084 se
947 1025 1074 1086 excusat
1109 1025 1270 1101 poctacur
1293 1038 1400 1101 quam·

281 1146 375 1208 quam
397 1126 530 1190 revaluit
563 1143 634 1188 eum
666 1123 698 1187 in
721 1121 879 1188 Orientem
906 1132 967 1216 non
996 1128 1120 1188 secutus
1153 1123 1201 1188 515.
1248 1119 1398 1187 V'ersibus

281 1230 361 1294 enim
386 1231 411 1295 1.
427 1229 476 1310 55,
490 1229 530 1292 56
553 1245 623 1292 cum
645 1227 727 1292 dicat
748 1232 842 1308 poeta
1374 1229 1378 1236 '

436 1331 488 1396 Me
510 1331 645 1396 retinent
666 1329 803 1394 vinctum
825 1327 980 1394 formosae
1002 1329 1102 1395 uincla
1124 1327 1247 1409 puellae
1325 1391 1329 1400 ,

433 1434 475 1499 Et
496 1434 589 1498 sedeo
613 1432 707 1496 duras
729 1432 843 1496 ianitor
865 1437 938 1497 5555
960 1432 1043 1497 fores
1248 1431 1252 1440 “

281 1537 409 1602 meliore
430 1537 501 1602 inde
523 1537 591 1601 iure
614 1535 778 1602 concludas
800 1535 922 1600 Deliam
955 1555 975 1600 5
997 1535 1116 1600 Tibullo
1150 1535 1287 1600 animum
1310 1552 1399 1630 aver-

176 1685 177 1690 =
282 1641 360 1706 tissa
372 1640 485 1721 5111555
500 1640 566 1705 viro
579 1657 615 1712 55Ι
624 1638 780 1703 dedidisse
792 1657 885 1718 quam
898 1639 1129 1703 matrimonium
1141 1640 1209 1702 5551
1221 1657 1278 1719 555
1290 1637 1402 1702 absen-

188 1749 190 1754 '
287 1743 363 1807 tiam
380 1747 493 1823 poetae
511 1741 626 1821 iniisse,
648 1741 680 1804 id
702 1741 784 1822 quod
801 1741 966 1822 probatum
976 1746 1028 1806 'est
1042 1741 1240 1806 Lachmanno
1254 1740 1401 1805 Richtero

282 1845 481 1929 Baehrensio.
505 1845 548 1909 At
560 1863 597 1908 ex
609 1843 708 1924 elegia
721 1844 829 1924 quinta
841 1845 1045 1924 comperimus
1058 1844 1211 1908 Tibullum
1223 1843 1319 1908 etiarn
1329 1847 1402 1923 post

88 1963 96 1978 ·
185 2007 187 2012 ,
284 1940 417 2012 reditum
447 1947 530 2028 apud
546 1947 667 2011 Deliam
689 1946 791 2027 gratia
807 1945 957 2012 floruisse.
988 1949 1034 2010 At
1048 1947 1100 2011 ille
1117 1967 1177 2012 non
1193 1965 1273 2012 unus
1291 1945 1403 2010 iamin

282 2051 404 2132 puellae
417 2050 519 2132 gratia
531 2055 599 2114 erat
610 2069 718 2114 uerum
731 2049 927 2115 aliumetiam
939 2054 1111 2114 amatorem
1124 2042 1227 2130 puella
1240 2048 1404 2113 fallacissi-

282 2172 333 2217 ma
344 2154 502 2218 interdum
515 2153 554 2216 ad
567 2171 600 2216 55
610 2153 757 2216 admittit.
787 2153 916 2217 Videtur
927 2154 1009 2216 enim
1026 2157 1092 2217 tum
1102 2153 1252 2234 temporis
1264 2152 1354 2216 Delia
1371 2151 1403 2214 15

281 2257 391 2338 plagas
415 2257 562 2321 cecidisse
584 2255 666 2319 illius
690 2255 900 2336 nequissimae
919 2256 1007 2320 lenae
1026 2256 1176 2321 aTibullo
1189 2257 1226 2338 (e.
1241 2258 1269 2336 5,
1287 2257 1327 2322 48
1340 2255 1419 2336 55)·

283 2360 414 2424 devotae
429 2377 517 2441 Ι5555
540 2359 566 2423 51
589 2359 663 2440 5551
684 2357 807 2436 honesti
829 2358 961 2423 inDelia
984 2364 1053 2424 erat
1074 2379 1176 2424 mores
1192 2361 1258 2424 eius
1278 2358 1401 2424 omnino
1437 2375 1440 2382 ⁴

283 2459 420 2543 corrupit
452 2481 488 2526 ac
520 2461 711 2548 depravavit.
767 2463 842 2525 Veri
869 2462 950 2526 enim
978 2468 1028 2526 est
1061 2463 1160 2526 simile
1182 2462 1402 2528 istamlenam

285 2584 365 2645 qnae
389 2585 426 2629 ex
448 2565 506 2629 hac
521 2584 554 2629 55
570 2564 761 2646 permultum
776 2565 853 2629 lucri
868 2569 1115 2646 capturam-esse
1131 2567 1279 2647 sperabat
1292 2565 1403 2644 Deliae

283 2669 477 2748 persuasisse
500 2673 536 2732 ut
558 2667 686 2748 Tibullo,
700 2669 915 2748 paupere-viro
938 2687 974 2733 ao
985 2669 1091 2749 probo,
1109 2669 1204 2734 misso
1224 2669 1322 2732 alium
1344 2667 1403 2732 sibi

284 2772 461 2836 conciliaret
482 2776 576 2852 poeta
598 2771 822 2852 opulentiorem
856 2772 910 2852 qui
932 2772 1047 2836 divitiis
1081 2772 1145 2836 5515
1173 2773 1256 2836 vitae
1286 2772 1402 2837 cultum

276 2879 318 2937 'et
339 2874 626 2956 lautitias-utrique
648 2893 760 2954 parare
775 2877 890 2954 posset.
915 2874 1024 2955 Neque
1036 2875 1181 2938 nimirum
1191 2875 1254 2939 ista
1265 2875 1403 2955 pessima

285 2976 395 3041 mulier
417 2977 526 3042 cecinit
548 2977 650 3041 surdis
673 2964 808 3044 auribus,
853 2977 935 3041 Nam
956 2977 1046 3042 Delia
1069 2978 1150 3042 omni
1174 2978 1279 3058 generi
1294 2977 1403 3058 uolup—
1504 3024 1508 3031 .

282 3084 385 3144 tatum
407 3081 513 3145 dedita
534 3071 591 3144 nec
620 3085 764 3145 55555555
786 3081 869 3146 victu
904 3080 1049 3162 cultuque
1082 3101 1220 3165 paupere
1254 3100 1346 3163 quem
1369 3099 1403 3146 se

284 3187 448 3263 expectare
470 3183 597 3248 videbat
619 3184 645 3247 si
666 3183 699 3246 in
720 3184 830 3248 Tibulli
853 3201 958 3248 amore
981 3189 1121 3266 maneret
1142 3185 1231 3250 lenae
1254 3185 1403 3249 obsecuta
1477 3217 1481 3226 ·

284 3286 411 3351 divitem
434 3291 606 3351 amatorem
628 3289 783 3366 'aucupata
805 3291 861 3352 est.
907 3286 1032 3351 Interea
1054 3281 1153 3368 55555
1177 3287 1404 3368 (1551555515
1473 3315 1477 3322 ·

132 3403 135 3410 “
205 3455 208 3463 ,
237 3465 240 3472 .
285 3389 457 3469 quaerebat
478 3386 509 3453 in
545 3389 657 3471 plagas
693 3394 797 3453 tentas
819 3386 981 3454 ¹incideret
1023 3391 1090 3456 uno'
1106 3390 1226 3455 Tibullo
1259 3395 1405 3456 contenta

287 3497 357 3557 erat
388 3511 480 3574 quem
514 3483 639 3573 quidem
673 3493 799 3574 saepius
833 3493 957 3559 videtur
977 3490 1155 3559 5551551555
1200 3482 1338 3559 fortasse
1372 3493 1404 3557 id

288 3594 405 3659 consilii
438 3601 545 3660 secuta
577 3600 613 3660 ut
645 3589 808 3677 paullatim
842 3616 913 3662 eum
952 3617 971 3662 5
1004 3617 1038 3662 55
1072 3597 1266 3664 abalienaret
1301 3615 1403 3677 neque
1495 3595 1499 3602 ’

285 3701 390 3776 tamen
413 3699 496 3763 omni
518 3718 574 3780 555
589 3701 709 3781 gratiae
725 3701 955 3781 recuperandae
967 3719 1095 3781 prorsus
1107 3700 1254 3782 privaret.
1337 3727 1339 3733 ’

369 3801 478 3883 Ν5555
495 3802 737 3869 15555515115555
748 3803 855 3868 Deliae
868 3804 1032 3877 etiamtum
1045 3805 1129 3870 cordi
1140 3803 1404 3869 fuisseTibullum

201 3945 205 3952 -
286 3911 493 3984 quomantea
515 3907 636 3987 perdite
659 3912 834 3986 amaverat3
858 3907 998 3972 videmus
1021 3893 1102 3972 enim
1125 3926 1162 3972 ex
1177 3907 1278 3989 elegia
1295 3907 1404 3988 551555

285 4005 405 4072 Tibullo
427 4007 548 4073 Deliam
571 4009 658 4090 gravi
681 4009 789 4074 morbo
811 4007 1146 4090 implicatamsumma
1168 4011 1328 4093 diligentia
1353 4007 1404 4099 55·

286 4129 356 4174 rare
379 4111 537 4198 accolere
559 4113 697 4191 11551555;
721 4132 821 4205 55555
851 4117 956 4180 tamen
992 4109 1151 4197 perpetuis
1184 4113 1273 4178 lenae
1307 4114 1404 4178 moni-

286 4213 421 4298 tionibus
443 4215 532 4279 Dclia
554 4215 701 4294 resistere
722 4217 826 4296 555515
848 4218 880 4280 55
902 4236 971 4282 curn
994 4199 1165 4283 amatorem
1189 4223 1283 4299 poeta
1305 4218 1404 4282 multo

286 4304 510 4396 opulentibrem
532 4313 812 4384 iuvenissetab'eo
835 4319 971 4384 animum
994 4322 1117 4394 avert‘t.
1162 4322 1230 4399 Quo
1254 4327 1405 4403 quantum

287 4418 425 4486 dolorem
453 4421 574 4488 Tibullo
611 4421 760 4512 inusserit
796 4421 834 4487 en
872 4424 972 4506 elegia
1007 4425 1117 4507 quinta
1149 4425 1228 4493 55515
1265 4428 1403 4506 apparet.
