3156 5040
710 287 960 358 -4-’

253 486 391 566 ipsorum
414 484 640 565 inquisiverunt
671 482 730 548 hoc
752 483 877 549 consilio
901 487 936 548 ut
958 485 1058 566 qualis
1080 485 1111 548 in
1133 485 1170 550 iis
1193 491 1278 550 esset
1303 504 1373 566 pro-

252 607 378 671 gressus
401 606 506 652 rerum
529 591 561 651 et
570 588 801 652 sententiarum
813 605 945 652 conexus
968 587 1193 668 perspicerent3
1207 607 1268 669 quo
1280 607 1373 669 opere

254 697 381 773 peracto
397 691 450 772 qui
464 689 633 772 probabilis
646 695 791 755 evaserat
802 691 940 756 ordinem
955 691 1124 778 carminum
1137 687 1372 757 constituerunt.

248 853 250 858 -
340 811 443 894 Atque
459 811 582 876 Horatii
603 811 742 878 carmina
770 811 992 892 disposuerunt
1004 830 1216 892 annorumque
1228 829 1374 876 numeros

257 914 386 996 singulis
409 919 561 995 quantum
582 913 649 979 fieri
671 918 797 995 poterat
819 933 888 980 cum
910 913 971 978 lide
995 907 1181 980 addiderunt
1210 913 1374 979 Massonus

257 1015 387 1087 Carolus
410 1017 581 1094 Franchius
615 1017 676 1098 clii,
700 1018 731 1082 in
754 1017 830 1082 alios
853 1023 963 1098 poetas
987 1019 1037 1083 alii
1050 1019 1132 1085 docti
1154 1024 1219 1083 tam
1232 1021 1391 1107 accurate¹

257 1120 484 1203 inquisiverunt
505 1126 541 1185 ut
563 1121 602 1186 de
624 1122 662 1185 iis
684 1121 747 1185 iam
769 1141 830 1186 non
846 1121 1017 1203 dubitetur3
1042 1123 1097 1188 sed
1120 1123 1159 1186 cle
1172 1122 1253 1186 Albii
1265 1120 1375 1186 Tibulli

257 1227 370 1304 poetae
392 1224 603 1289 venustissimi
624 1224 757 1310 Romani
790 1223 976 1289 carminibus
1008 1244 1209 1307 quamquam.
1230 1224 1375 1305 permulti

256 1346 292 1392 ac
314 1325 485 1392 doctissimi
507 1328 564 1391 viri
586 1327 776 1414 permultum
798 1327 948 1409 temporis
971 1347 1007 1393 ac
1028 1328 1144 1393 laboris
1166 1329 1197 1394 in
1226 1328 1291 1392 eius
1307 1327 1386 1406 libri¹

256 1430 350 1510 primi
372 1429 558 1512 carminibus
582 1418 757 1512 digerendis
782 1437 1050 1518 ‘consumpserunt
1076 1432 1177 1496 adhuc
1210 1431 1378 1512 ambigitur

258 1551 294 1596 ac
322 1537 411 1600 tanta
448 1539 498 1597 est
530 1533 682 1598 dissensio
717 1534 887 1612 doctorum,
926 1539 962 1599 ut
997 1535 1086 1600 nobis
1114 1533 1215 1616 liceat
1253 1535 1282 1598 in
1319 1533 1378 1598 hac

222 1639 225 1648 ’
258 1625 441 1718 quaestione
475 1637 659 1701 dirimenda
677 1642 964 1726 uestramquoque
998 1657 1125 1718 operam
1159 1639 1308 1703 collocare
1332 1657 1379 1702 ‘ac

261 1758 341 1821 quae
364 1740 453 1804 nobis
476 1739 514 1804 cle
538 1739 644 1806 ordino
667 1739 748 1803 illius
771 1740 842 1805 libri
865 1740 1037 1806 carminum
1058 1739 1183 1822 placent
1205 1741 1324 1806 aliene.

279 1913 284 1924 .
343 1855 430 1925 llaec
452 1861 533 1924 enim
557 1845 699 1927 carmina
717 1860 868 1942 digesturi
890 1862 948 1926 viri
970 1862 1008 1942 d,
1032 1853 1131 1942 prout'
1154 1860 1264 1941 cuique
1297 1860 1379 1925 ratio

260 1968 336 2044 erat,
362 1964 440 2028 alius
457 1963 552 2027 alium
575 1962 714 2027 ordinem
727 1964 963 2029 constituerunt.
1008 1965 1086 2029 Pars
1100 1966 1181 2029 onim
1194 1965 1379 2030 testimoniis

258 2065 413 2132 historicis
436 2085 517 2148 quae
539 2066 645 2130 insunt
668 2065 698 2130 in
722 2066 909 2131 carminibus
932 2068 1007 2148 ipsis
1031 2073 1086 2132 aut
1118 2069 1317 2134 inveniuntur
1349 2069 1380 2133 in

262 2170 306 2234 cis
329 2168 531 2249 scriptoribus
555 2170 607 2250 qui
631 2170 669 2233 cle
685 2168 796 2234 Tibulli
819 2174 923 2235 aetate
947 2171 1137 2251 scripserunt
1159 2172 1218 2236 nisi
1242 2171 1380 2236 ordinem

261 2273 433 2337 carminum
457 2272 646 2348 constituere
670 2273 771 2336 conati
795 2279 882 2353 sunt;
907 2275 962 2338 scd
985 2274 1106 2338 illorum
1130 2274 1287 2356 paucitate
1310 2294 1381 2339 mox

261 2375 293 2440 in
316 2380 484 2458 angustum
507 2375 657 2460 compulsi
679 2375 738 2442 hac
759 2376 880 2441 ratione
903 2377 1069 2457 desperata
1085 2378 1123 2441 -in
1156 2377 1293 2442 carmina
1314 2377 1383 2458 ipsa

260 2479 487 2560 inquisiverunt
509 2496 548 2542 ex
569 2479 668 2560 iisque
699 2480 852 2544 rationem
882 2479 1042 2561 digerendi
1075 2479 1260 2560 hauserunt;
1299 2480 1382 2568 quod

261 2601 339 2664 opus
354 2581 420 2664 ¹nisi
443 2581 533 2663 plene
556 2587 588 2646 ct
611 2581 927 2662 absoluteperactum
951 2588 1087 2648 csset'eo
1110 2584 1210 2664 magis
1225 2569 1383 2664 negabant

259 2683 326 2750 fieri
348 2703 442 2766 posse
464 2689 499 2748 ut
521 2689 640 2750 certum
663 2685 701 2749 de
714 2690 853 2766 tempore
877 2685 1020 2751 natalicio
1043 2686 1214 2750 carminum
1235 2685 1381 2750 iudicium

263 2787 453 2853 formaretur
475 2806 537 2869 quo
560 2788 675 2854 artiore
698 2787 819 2853 vinculo
848 2789 967 2870 elegiae
990 2790 1021 2854 in
1050 2789 1171 2854 Deliam
1198 2795 1231 2852 et
1264 2790 1294 2853 in
1317 2789 1383 2867 lla-

262 2890 388 2956 rathum
411 2889 547 2971 scriptae
569 2891 651 2956 inter
673 2910 707 2955 sc
730 2891 940 2974 cohaererent.

346 3010 406 3074 Alii
428 3010 614 3076 testimoniis
636 3011 791 3078 historicis
814 3011 879 3077 fere
901 3013 1050 3094 neglectis
1084 3012 1221 3077 carmina
1254 3017 1322 3076 arte
1348 3015 1392 3100 et

264 3112 453 3196 perfectione
476 3114 575 3178 mensi
599 3133 740 3194 eaquae
763 3115 865 3180 minus
893 3113 1032 3196 perseam
1066 3120 1098 3179 et
1131 3113 1267 3194 expolita
1300 3113 1384 3178 vide-

263 3219 378 3283 bantur
421 3216 576 3298 prioribus
619 3217 707 3280 annis
750 3218 863 3282 aetatis
902 3217 1014 3282 Tibulli
1057 3216 1241 3294 tribuerunt,
1280 3223 1385 3281 cetera

265 3320 506 3403 posterioribus3
537 3337 599 3400 quo
619 3319 738 3384 lactum
772 3325 821 3385 est
854 3326 890 3385 ut
926 3320 1002 3385 ordo
1039 3320 1078 3385 ab
1116 3321 1160 3385 eis
1197 3319 1385 3384 constitutus

266 3422 452 3490 testimoniis
475 3421 630 3487 historicis
654 3421 766 3504 quibus
801 3423 942 3504 quamvis
975 3442 1150 3504 perpaucae
1184 3423 1246 3486 sint
1271 3427 1385 3486 ¹tamen
1482 3411 1484 3416 ’

266 3528 367 3594 adhuc
389 3517 435 3590 uti
457 3526 538 3605 licet,
563 3543 787 3606 saepenumero
810 3532 973 3608 repugnet.

349 3645 572 3711 Recentissimc
589 3644 771 3710 Fredericus
787 3645 850 3711 Leo
861 3649 882 3728 ¹)
895 3645 1001 3712 omncs
1023 3645 1233 3732 basiationes
1250 3645 1387 3712 carmina

266 3749 426 3832 digerendi
459 3753 492 3813 et
525 3747 817 3814 ordinandireiecit·
837 3767 955 3830 negans
993 3767 1134 3812 amorum
1162 3747 1284 3814 fabulas
1307 3765 1385 3827 quas
1429 3825 1434 3838 .

233 3893 236 3900 ·
268 3853 321 3936 qui
360 3851 461 3916 adhuc
493 3850 666 3922 Tibulliana
699 3852 836 3916 carmina
869 3852 1067 3932 interpretati
1102 3856 1176 3916 sunt
1194 3850 1308 3922 animo
1331 3847 1389 3910 sibi

179 3999 182 4005 ι
267 3955 499 4021 finxissentaut
522 3972 670 4018 conexum
683 3953 713 4018 in
737 3955 945 4035 compluribus
962 3954 1148 4019 carminibus
1165 3950 1391 4016 sententiarum

270 4066 325 4126 aut
347 4057 526 4122 testimonia
542 4057 690 4122 historica
702 4057 789 4121 nobis
806 4077 913 4122 ansam
929 4059 1081 4138 praebere
1093 4062 1209 4120 rectam
1223 4051 1391 4116 carminum
1447 4139 1451 4146 ι

269 4161 517 4244 digerendorum‚
541 4159 688 4240 quoniam
711 4180 771 4225 non
793 4161 858 4225 veri
882 4165 967 4224 esset
982 4161 1081 4224 simile
1093 4155 1247 4226 Tibullum
1264 4154 1344 4219 sicut
1355 4173 1390 4220 se

271 4283 382 4329 revera
393 4262 525 4327 haberet
537 4280 675 4326 amorem
689 4262 796 4358 Deliae
809 4259 1000 4344 expressisse
1011 4263 1066 4326 scd
1080 4260 1139 4324 alio
1152 4257 1287 4323 carmine
1301 4259 1393 4323 alirun
1427 4265 1430 4272 '

271 4388 514 4502 TPhilolog.
532 4414 687 4488 Unter—uoh.
711 4433 771 4496 bgg.
791 4447 840 4482 von
861 4401 993 4496 Kiessliug
1023 4431 1118 4490 u,Ulr,
1150 4447 1176 4488 v.
1206 4429 1394 4480 Wilcmovvitz·

271 4519 442 4576 Mollendorff
456 4521 507 4579 vel,
526 4518 562 4575 11,
