3156 5040
546 186 837 292 &ar-

171 417 267 480 fitias
298 417 413 480 iturum
446 415 782 494 esseexistim031'ron
811 419 916 496 potest
952 414 1048 496 igitur
1084 414 1161 506 haec
1198 415 1299 496 elegia

172 519 280 584 locum
301 519 415 582 habere
438 523 512 598 post
532 517 683 584 decimam
706 523 739 584 et
760 519 924 599 septimam
947 536 1079 599 quarum
1090 517 1190 582 altera
1211 517 1298 582 initio

176 621 254 685 belli
276 620 454 702 aquitanici
475 657 518 668 -
546 621 692 685 Hankclii
714 621 839 702 quidem
860 605 967 701 'ipsius
1000 621 1171 686 iudicio-
1199 620 1298 684 altera

178 724 220 787 ad
243 723 434 803 triumphurn
457 743 495 787 ex
517 724 575 788 hoc
595 723 676 787 bello
699 724 860 789 decretum
881 723 1099 788 celebrandum
1128 723 1299 803 composita

174 833 232 890 est
278 827 431 890 Videmus
454 826 549 907 igitur
570 827 758 890 Haukelium
780 827 825 891 ita
846 827 1082 892 ratiocinantem
1104 826 1168 890 suis
1201 825 1298 906 ipsius

170 929 333 994 irretitum
357 946 427 992 esse
449 928 577 1010 laqueis.

639 1103 840 1112 ...ῃ-...ἡ

690 1223 781 1300 vl.

261 1373 325 1439 Sed
357 1374 535 1454 opinionum
556 1376 694 1442 virorum
716 1376 744 1441 d.
769 1375 860 1438 nullis
883 1378 918 1437 ιιι
939 1378 1072 1454 apparet
1089 1371 1298 1453 probabilibus

174 1475 278 1540 causis
311 1475 463 1541 saltarum
485 1477 747 1544 conlirtationibus
779 1477 908 1542 nimium
942 1477 1004 1540 ianr
1027 1475 1185 1540 immorati
1218 1473 1299 1541 nunc

174 1578 214 1642 ad
240 1579 437 1660 singulorum
459 1581 628 1646 carminum
641 1581 850 1646 condicionem
863 1579 1037 1645 accuratius
1049 1579 1298 1659 perspiciendam

176 1682 423 1763 progrediamur.
446 1682 550 1764 Atque
565 1683 686 1748 initium
698 1683 824 1764 quidem
835 1682 923 1748 nobis
936 1682 1110 1746 ducendum
1122 1681 1246 1747 videtur
1257 1681 1298 1746 ab

176 1783 276 1865 elegia
288 1787 425 1866 septima
436 1789 544 1866 utpote
557 1787 643 1851 cuius
655 1787 694 1851 de
706 1792 846 1868 ternpore
859 1785 994 1850 dubitari
1005 1803 1067 1849 nou
1082 1790 1186 1866 queat
1223 1783 1297 1864 Ipsa

180 1887 260 1950 euim
283 1887 387 1968 elegia
408 1888 602 1954 demonstrat
624 1908 658 1954 se
681 1889 829 1970 scriptam
858 1907 928 1954 esse
949 1907 978 1952 a.
1008 1887 1078 1952 727.
1124 1885 1186 1951 Sed
1207 1886 1299 1952 vehe-
1341 1927 1348 1941 ·

176 1994 300 2054 menter
322 1991 484 2070 quaeritur
506 2010 598 2073 quem
627 1992 709 2056 inter
742 1996 862 2056 ceteras
895 1990 1034 2055 obtineat
1065 1990 1175 2054 locum.
1220 1988 1299 2054 Sunt

177 2092 262 2156 enim
286 2092 340 2174 qui
364 2093 418 2158 ult'
397 2097 505 2159 trmam
526 2095 596 2160 libri
618 2095 709 2176 primi
732 2094 869 2159 omnium
891 2093 1093 2174 compositam
1116 2111 1185 2156 esse
1218 2091 1300 2157 arbi·

176 2199 261 2259 trent
247 2201 302 2259 tur
324 2201 357 2259 et
378 2197 432 2276 qui
453 2198 587 2262 mediam
610 2217 680 2262 earu
701 2198 803 2262 locum
827 2196 889 2262 obt
867 2200 966 2260 tmere
988 2195 1092 2260 velint

264 2298 356 2364 Unus
379 2299 603 2364 Teuffeliusut
633 2301 725 2365 modo
758 2300 891 2364 vidimus
919 2303 1048 2380 propter
1079 2298 1194 2363 malam
1227 2317 1299 2363 con·

178 2400 332 2465 dicionem
354 2402 487 2482 primam
510 2421 580 2467 earn
602 2404 722 2468 censuit
744 2403 893 2483 scriptam
926 2420 1004 2466 csse.
1049 2399 1144 2465 Cuius
1177 2401 1287 2464 virid

176 2503 360 2584 priusquam
395 2505 600 2570 accuratius'
591 2525 623 2569 m
645 2505 862 2570 sententiam'
854 2505 1046 2587 inquiramus
1083 2503 1176 2568 liceat
1209 2504 1297 2569 uobis

176 2613 396 2686 argumentum
407 2607 489 2672 illius
502 2608 645 2672 carminis
661 2627 816 2673 enarrare.
860 2607 1046 2672 Natalicium
1058 2607 1154 2688 igitur
1170 2625 1296 2671 carmen

178 2711 359 2774 conditurus
382 2717 476 2791 poeta
499 2711 660 2775 exorditur
681 2711 721 2774 ab
744 2712 812 2791 ipsa
834 2711 975 2792 proxima
997 2729 1033 2774 ac
1055 2729 1178 2774 summa
1203 2709 1296 2774 laude

177 2811 262 2876 illins
287 2813 358 2886 diei,
382 2833 401 2876 a
423 2813 553 2878 victoria
576 2802 635 2878 uno
659 2833 739 2877 anuo
759 2818 834 2877 ante
857 2813 966 2877 codcnr
989 2812 1038 2876 die
1071 2813 1110 2876 de
1133 2813 1296 2893 Aquitanis
1339 2851 1346 2866 ·

175 2920 352 2996 reportata;
376 2916 567 2997 triumphum
590 2917 702 2980 deiude
726 2907 869 2980 celebrat
888 2935 980 2996 quem
1002 2914 1107 2995 parrllo
1131 2921 1204 2979 ante
1227 2934 1298 2996 ege-

173 3025 225 3084 rat
248 3019 396 3083 Messala.
442 3019 561 3096 Quibus
583 3020 765 3100 praemissis
788 3024 897 3083 narrat
929 3024 1023 3099 pocta
1056 3037 1091 3082 se
1113 3018 1297 3098 participem

176 3121 276 3184 fnisse
313 3120 394 3185 illius
418 3122 631 3203 expeditionis,
655 3123 687 3186 id
709 3123 793 3202 quod
816 3121 875 3186 sibi
907 3121 967 3202 ipsi
1003 3121 1112 3186 honori
1149 3121 1266 3185 tribuit
1277 3123 1298 3194 ¹)
1345 3139 1351 3151 ·

175 3225 347 3288 Testantur
357 3224 416 3289 hoc
426 3224 526 3289 multa
534 3225 767 3306 locamultaque
778 3223 906 3289 flumina
916 3223 1230 3304 inGalliaAquitania
1238 3224 1300 3287 sita

174 3326 447 3408 quacomniavidit
455 3328 592 3392 llbullus
601 3328 830 3393 cumMessalae
837 3327 1066 3392 contubernalis
1078 3332 1171 3391 esset.
1188 3326 1299 3406 Neque
1330 3351 1355 3387 ·.

174 3430 205 3494 ιιι
218 3430 276 3494 soli
289 3415 387 3494 testes
399 3436 472 3495 suut
483 3431 763 3509 laudisMessalae,
776 3431 831 3494 sed
844 3431 921 3494 alias
933 3430 1028 3494 etiarn
1040 3435 1141 3493 terras
1154 3428 1205 3493 ille
1217 3428 1299 3492 omni
1408 3479 1423 3506 ,

179 3533 273 3596 laude
288 3533 399 3614 dignus
414 3533 462 3597 ιιι
473 3534 551 3598 adiit
565 3535 595 3598 in
608 3533 721 3616 quibus
734 3553 796 3598 uon
806 3533 907 3597 minus
921 3551 1016 3613 quam
1026 3532 1058 3596 in
1068 3531 1236 3612 Aquitania
1248 3551 1299 3595 res

179 3635 259 3700 bene
283 3634 390 3718 gessit,
407 3635 553 3716 Ciliciam,
571 3637 701 3718 Syriam,
717 3635 904 3718 Aegyptum,
928 3653 1062 3715 quarum
1083 3635 1204 3716 priores
1219 3635 1299 3699 binis

180 3744 303 3803 tautrun
325 3738 465 3802 distichis
487 3745 581 3820 pocta
602 3740 793 3822 perstringit,
817 3741 848 3804 iu
869 3739 965 3804 tertia
987 3743 1093 3802 antem
1115 3737 1300 3802 celebranda

177 3842 338 3921 praedicat
353 3841 464 3905 eximie
487 3841 610 3921 Osirim,
629 3843 817 3924 Aegyptium
829 3843 931 3920 deam,
955 3841 1008 3921 qui
1024 3841 1143 3921 primus
1158 3839 1300 3907 homines

244 4015 265 4081 l)
282 4011 334 4062 llic
352 4019 391 4062 est
408 4013 465 4062 rino
482 4012 561 4062 dubio
578 4029 671 4064 ansus
687 4013 862 4066 hemistichii:
956 4025 960 4032 '

466 4097 527 4148 Non
544 4099 601 4150 siue
617 4114 659 4149 mo
675 4105 715 4149 oet
735 4099 784 4150 ribi
802 4106 893 4164 partus
909 4099 994 4150 bonos

180 4199 266 4249 nequo
283 4184 423 4248 quidquam
440 4185 467 4234 ιιι
484 4184 534 4234 boc
552 4186 619 4235 ineat
635 4186 767 4238 ridiculae
787 4186 953 4251 arrogantiae
971 4185 1013 4235 vel
1032 4185 1128 4236 stultae
1144 4183 1301 4234 insolentiae

180 4270 206 4322 id
224 4271 293 4335 quod
311 4269 471 4320 Boebreuoio
488 4271 573 4321 viuum
590 4277 638 4334 cat,
655 4273 700 4335 qui
729 4271 758 4341 (l,
776 4289 799 4324 ο.
818 4287 842 4336 p.
874 4270 918 4340 13)
945 4271 1079 4336 vulgum
1108 4271 1246 4322 lectionem
1266 4285 1298 4320 uc

181 4372 228 4422 per
244 4371 273 4407 ιο
289 4355 449 4421 probabilem
467 4371 535 4407 vanu
551 4363 629 4420 utque
649 4358 737 4408 inutili
766 4359 916 4410 coniectura
941 4359 1052 4409 ιιιιιιιιιιι
1080 4357 1121 4409 iu:
1154 4354 1216 4405 Nou
1244 4357 1300 4407 uiue

182 4442 268 4494 Muto
285 4441 322 4492 ibi
338 4449 429 4507 patruo
445 4442 538 4500 bauco.
560 4505 563 4509 ¹
