3156 5040
272 611 342 681 Jam
378 632 453 678 vero
485 616 527 676 'ex
563 611 640 694 ipsis
677 609 863 681 carminibus
905 607 1042 675 rationes
1080 630 1187 677 eorum
1230 617 1309 678 tem·

187 737 295 801 pomm
340 716 506 781 definiendi
551 716 640 780 nobis
664 714 884 796 quaerentibus
932 714 1099 779 dolendum
1131 719 1180 783 est
1216 717 1308 781 certis

186 822 335 886 historiae
377 818 562 884 testimoniis
610 817 675 882 fere
721 821 776 882 nos
819 817 987 882 destitutos
1021 836 1098 882 esse.
1158 819 1240 883 Nam
1277 825 1309 883 et

188 944 268 1006 quae
303 924 342 987 de
378 922 475 987 bello,
492 921 677 1002 Aquitanico
711 921 760 985 cui
793 919 941 984 Tibullus·
965 939 998 984 se
1034 921 1101 1000 ipse
1130 920 1309 986 interfuisse

186 1028 261 1091 dicit
283 1028 322 1114 de
351 1043 451 1106 eaque
485 1023 680 1107 expeditione
714 1041 807 1104 quarn
830 1022 967 1112 Messala
988 1024 1020 1086 iu
1042 1025 1150 1088 Asiam
1172 1023 1246 1089 iecit
1279 1025 1309 1088 in

186 1129 374 1194 carminibus
397 1132 513 1206 extant,
537 1133 602 1191 tam
625 1132 698 1191 sunt
721 1126 814 1189 dubia
836 1130 872 1190 nt
894 1127 1063 1206 quidquam
1100 1127 1176 1192 certi
1212 1147 1250 1190 ex
1272 1128 1309 1191 iis

189 1231 292 1313 colligi
314 1250 372 1295 non
394 1237 503 1312 queat;
526 1248 627 1310 neque
646 1295 648 1300 ,
664 1229 805 1310 quamvis
828 1228 982 1293 Messalae
1006 1229 1181 1309 triumphus
1199 1229 1200 1232 ’
1217 1250 1310 1311 quem

191 1355 229 1399 ex
251 1335 340 1398 lastis
356 1332 537 1414 Capitolinis
561 1336 694 1413 apparet
716 1337 821 1396 actum
844 1351 913 1396 esse
936 1352 964 1397 a.
990 1333 1050 1396 727
1075 1333 1106 1396 in
1119 1332 1309 1400 carminibus

191 1441 450 1502 commemoretur
472 1436 512 1500 ab
535 1436 707 1515 eodemque
744 1435 795 1499 via
818 1435 931 1499 Latina
967 1441 1039 1516 post
1076 1436 1310 1516 triumphume

187 1540 331 1604 manibiis
354 1543 464 1618 strata,
499 1544 604 1602 tamen
619 1538 750 1600 multum
784 1557 822 1601 ex
843 1538 902 1602 boc
916 1538 993 1602 lucri
1015 1539 1128 1603 ducere
1144 1559 1310 1620 possumus

187 1643 335 1724 quoniam
358 1631 419 1722 quo
442 1661 522 1706 anno
545 1641 603 1705 boc
631 1640 746 1704 bellum
783 1660 821 1704 en
853 1661 914 1721 quo
937 1642 1074 1706 Messala
1107 1643 1312 1723 triumphauit

191 1751 312 1828 gestum
336 1750 392 1809 aut
415 1744 587 1809 confectum
627 1729 765 1808 sitnon
802 1744 880 1808 satis
919 1750 1111 1828 compertum
1147 1747 1309 1811 habemus

192 1848 399 1926 Quamobrem
436 1867 505 1911 curn
542 1866 580 1910 ex
616 1846 727 1911 libulli
769 1847 844 1926 ipsis
883 1848 1070 1913 carminibus
1106 1849 1182 1913 nibil
1226 1849 1311 1914 aliud

191 1957 280 2016 eruat
282 1971 318 2014 ur
340 1951 399 2014 nisi
391 1948 568 2014 familialit
555 1956 604 2014 ter
626 1969 723 2014 eum
735 1969 825 2013 usum
848 1969 917 2015 esse
939 1950 981 2014 M
1006 1951 1212 2016 Messalat
1180 1957 1212 2016 et
1240 1972 1311 2034 par-

188 2055 313 2134 ticipem
336 2053 433 2118 luisse
456 2053 527 2116 belli
551 2053 647 2134 Aquit
649 2051 728 2116 anici
749 2071 876 2117 necesse
899 2071 968 2117 esse
997 2060 1145 2134 putamus
1179 2056 1309 2137 diligen·

188 2159 310 2222 tissime
340 2157 458 2238 inquiri
491 2156 522 2219 in
559 2161 744 2238 argumenta
726 2156 820 2219 ade
857 2155 948 2219 huius
986 2156 1058 2221 belli
1094 2162 1235 2239 tempore
1273 2179 1311 2222 ex

188 2261 320 2358 historia
340 2260 441 2341 repeti
443 2264 484 2339 ta,
519 2259 550 2322 in
587 2278 648 2340 quo
686 2263 830 2323 accurate
868 2259 1145 2358 circumscribendo
1180 2268 1312 2344 apparet

194 2353 280 2444 quasi
303 2364 531 2428 cardinemtot
483 2362 579 2426 totius
603 2361 795 2443 quaestionis
818 2363 947 2456 versari

275 2467 319 2532 Ac
355 2466 498 2547 primurn
523 2465 671 2550 quidem
686 2465 852 2530 dolendum
897 2445 1078 2546 estunam
1115 2471 1237 2532 tantum
1275 2487 1313 2532 ex

89 2581 91 2586 ’
193 2570 328 2651 antiquis
351 2563 553 2649 scriptoribus
579 2569 618 2633 de
640 2568 699 2633 boc
709 2568 790 2634 bello
814 2569 931 2651 aliquid
942 2569 1112 2635 memoriae
1134 2571 1310 2637 tradidisse.

191 2673 351 2752 Appianas
375 2673 456 2737 enirn
479 2671 564 2736 solus
588 2691 657 2735 curn
680 2673 741 2737 alia
764 2673 803 2735 de
826 2671 980 2736 Messsala
1008 2678 1074 2737 turn
1107 2673 1185 2738 baec
1216 2674 1313 2739 babet

188 2775 274 2896 qbetl.
299 2776 352 2840 civ
377 2775 431 2854 IV,
456 2775 518 2858 38).
561 2768 651 2840 Οδὲ
674 2767 864 2860 (Koicapl‘
844 2773 971 2840 υπατόι
986 2799 1022 2841 ae
1044 2771 1212 2864 ἀπέφηνεν
1241 2772 1313 2842 ἀντὶ

188 2873 363 2944 'dormaton
396 2873 754 2966 ἅποχειροτονηθὲιῑος,
794 2871 847 2944 ὅτε
884 2877 979 2953 adilae
1021 2874 1209 3000 ἐψηφίζετο
1231 2905 1279 2946 am
1281 2905 1313 2946 αι

191 2982 353 3064 πολέμιος,
376 2985 429 3047 καὶ
451 2986 527 3069 περὶ
546 2977 676 3047 ”nascor
699 3002 941 3070 ναυαρχησαντα
963 2979 1043 3048 κατὰ
1059 2985 1118 3049 τοῦ
1139 2979 1313 3050 &novatam

151 3070 155 3076 ⁴
190 3081 365 3172 στρατηγὸν
387 3078 539 3171 ἕπειιιψει
562 3080 617 3150 ἐπὶ
639 3081 817 3159 Κελτοὺς’
797 3085 1033 3170 αφισταμὲιιιυς
1065 3091 1118 3152 καὶ
1150 3111 1282 3176 sexque]
1284 3114 1314 3152 τι

190 3225 287 3272 traditu
304 3223 480 3278 confirmatur,
516 3223 608 3286 Neque
626 3229 713 3273 tamen
736 3225 830 3273 bac-re
852 3224 914 3272 mibi
946 3224 1049 3287 quidem
1080 3225 1252 3289 persuadetur
1284 3237 1314 3274 ur

195 3309 233 3358 illi
253 3310 322 3358 vitae
340 3309 479 3372 quidquam
497 3309 606 3359 tribuam
618 3309 746 3373 ponderis.
783 3308 850 3358 Nam
864 3325 1033 3374 quaecunque
1044 3318 1134 3361 auctor
1151 3312 1206 3376 eius
1224 3318 1314 3361 narrat

191 3395 223 3444 de
245 3393 343 3443 Tibulli
363 3396 432 3444 vitae
450 3411 527 3445 cursu
544 3411 574 3446 ac
595 3395 743 3451 conditione
762 3403 807 3444 aut
824 3395 948 3444 eTibulli
967 3397 1030 3460 ipsis
1042 3397 1198 3447 carminibus
1216 3405 1262 3446 aut
1280 3411 1313 3446 ex

191 3481 249 3530 aliis
266 3464 382 3530 'lontibus
400 3481 493 3531 hausta
510 3489 572 3530 sunt
589 3481 681 3544 quibus
700 3482 737 3530 uti
755 3483 834 3531 etiam
852 3497 921 3531 nuuc
938 3482 1001 3532 licet
1050 3483 1131 3532 Velut
1149 3497 1180 3532 ea
1197 3498 1264 3546 quaa
1282 3482 1314 3532 de

191 3567 282 3616 forma
300 3567 423 3630 cultuque
442 3569 558 3632 corporis
575 3567 674 3616 Tibulli
697 3568 777 3617 tradit
793 3569 849 3617 sine
876 3566 954 3616 dubio
972 3568 1064 3618 hausta
1081 3576 1143 3618 sunt
1160 3584 1192 3618 ex
1203 3570 1313 3618 Horatii

193 3652 308 3717 epistula
327 3653 382 3714 1,4
406 3653 439 3702 ad
465 3652 573 3703 Albium
592 3652 724 3702 Tibullum
754 3654 858 3719 scripta,
893 3653 968 3703 N'ibil
993 3653 1047 3702 sere
1065 3655 1133 3705 inest
1162 3655 1230 3719 quod
1260 3671 1313 3704 non

191 3738 297 3788 aliunde
315 3740 365 3803 ipsi
387 3738 523 3792 discamus.
559 3739 635 3789 Duae
653 3746 753 3789 tautum
771 3755 813 3789 res
831 3747 892 3788 erint
909 3754 975 3802 quae
993 3741 1062 3804 apud
1088 3756 1147 3790 eum
1164 3742 1248 3791 solum
1274 3743 1312 3792 in·

191 3825 332 3874 veniuntur
350 3839 461 3887 quarum
479 3839 531 3874 uua
549 3833 588 3874 est
605 3825 669 3876 baec
692 3825 761 3889 qnod
784 3825 917 3874 Tibullum
946 3825 1009 3876 dicit
1035 3828 1148 3890 equitem
1166 3826 1313 3878 Romanum

191 3911 279 3973 iniisse,
299 3911 384 3960 altera
400 3911 470 3973 quod
488 3911 568 3960 tradit
598 3927 656 3960 eum
677 3911 744 3961 bello
774 3911 934 3975 Aquitanico
968 3911 1043 3962 donis
1073 3912 1227 3963 militaribus
1258 3927 1314 3963 esse

192 4003 355 4054 exornatum.
390 3996 442 4047 Sed
460 4011 492 4046 ea
503 3998 561 4062 ipsa
578 3998 610 4047 de
628 4013 707 4048 causa
725 3998 794 4061 quod
819 3998 868 4048 has
886 4012 927 4048 res
940 3998 1008 4062 apud
1036 4012 1094 4048 eum
1112 3998 1196 4049 solum
1214 4006 1313 4060 exmut,

191 4081 359 4132 vehementer
376 4082 475 4145 dubito,
494 4098 554 4132 uum
573 4099 666 4134 revera
686 4085 723 4134 its
749 4099 777 4134 se
795 4083 918 4138 babeant.
954 4082 1031 4134 Certe
1060 4099 1094 4135 ex
1111 4084 1160 4134 bac
1185 4099 1215 4135 re
1244 4085 1313 4148 quud

191 4167 228 4217 ibi
244 4168 364 4218 Tibullus
378 4157 464 4232 eques
479 4168 611 4220 Romanus
635 4170 783 4235 appellatur
811 4169 878 4218 nihil
908 4183 966 4218 cum
995 4171 1080 4234 speeie
1109 4172 1165 4224 veri
1193 4170 1314 4222 concludi

191 4261 284 4319 potest.
315 4254 407 4317 ‘Atque
426 4256 495 4318 quod
512 4256 576 4306 dicit
593 4255 727 4306 Tibullum
744 4254 819 4306 donis
836 4255 992 4306 militaribus
1009 4262 1165 4307 exornatum
1191 4257 1313 4311 essehoc

191 4347 262 4390 certe
280 4339 447 4390 falsissimum
465 4348 513 4395 est.
548 4341 640 4404 Neque
657 4342 726 4392 euim
744 4342 799 4392 ullo
817 4342 896 4392 modo
914 4342 998 4392 evinci
1016 4348 1102 4406 potest
1113 4340 1246 4392 Tibullum
1266 4341 1313 4392 mi·

190 4425 262 4476 litari
281 4440 390 4476 munere
407 4426 525 4478 iunctum
557 4442 622 4479 esse.
656 4426 709 4478 Sed
726 4427 759 4478 de
788 4426 829 4479 bis
846 4427 924 4478 rebus
952 4429 1097 4480 accuratius
1127 4427 1314 4493 disputabimus

191 4527 252 4565 cum
270 4513 388 4577 quaestio
407 4512 510 4577 lougius
528 4514 691 4578 processerit,
