3156 5040
757 245 1006 310 ..33-,.

300 430 476 496 condicione
500 433 644 496 carminis
667 433 777 498 decimi
810 435 1006 514 perspexisse
1028 435 1087 500 sibi
1116 436 1300 502 videbatur
1334 457 1439 504 neces-

299 533 393 597 sitate
416 536 551 616 quadam
573 534 727 608 Tibullum
749 540 786 600 ut
800 537 955 617 stipendia
969 545 1143 603 mereretur
1156 541 1346 606 adductum
1370 561 1438 606 esse

298 637 445 718 idemque
466 639 556 703 nobis
578 639 767 719 persuadere
801 639 957 716 studebat,
994 640 1127 706 officium
1163 644 1315 708 militare
1352 645 1438 708 cuius

297 740 418 808 initium
440 758 536 822 penes
559 741 787 805 adolescentem
817 741 990 806 Romanum
1028 746 1167 824 equestri
1208 747 1286 811 loco
1326 753 1438 812 natum

224 863 227 870 ’
297 841 410 908 1313331
431 848 471 908 ab
494 863 574 908 anno
597 844 715 908 decimo
738 845 871 924 septimo
893 845 943 908 vel
958 851 1067 911 octavo
1090 847 1172 912 hanc
1198 849 1307 914 fuisse
1331 843 1439 915 neces-

240 971 244 978 ·
296 950 420 1014 sitalem
434 968 496 1030 qua
506 947 645 1012 Tibullus
657 947 776 1011 iuvenis
787 946 895 1028 viginti
907 946 971 1011 fere
984 967 1135 1014 annorum
1147 958 1265 1036 (putat
1273 953 1438 1018 Tibullum

296 1061 407 1136 natum
425 1071 494 1117 esse
507 1053 587 1116 circa
603 1071 630 1115 3.
650 1051 724 1125 695)
741 1050 781 1113 ad
799 1070 887 1114 arma
912 1057 1084 1117 uocaretur.
1130 1054 1199 1119 lam
1218 1075 1303 1122 vero
1317 1058 1347 1120 si
1358 1057 1438 1121 haee

295 1153 1437 1237 ,333333331331313313333333313333ρί313333313313333313133311311333

202 1306 208 1318 .
296 1267 419 1344 gestum
431 1260 480 1339 sit,
494 1257 646 1339 siquidem
661 1274 718 1335 pru
734 1260 819 1320 certo
835 1251 985 1320 affirmari
995 1275 1057 1322 non
1066 1264 1184 1339 -potest
1199 1281 1270 1342 quo
1284 1282 1374 1328 anno
1387 1263 1436 1326 Ti-

292 1365 395 1429 bullus
401 1365 493 1426 natus
505 1361 555 1425 sit.
580 1359 641 1424 Sed
652 1358 785 1422 maxime
797 1359 926 1424 dubium
932 1359 1064 1440 videtur,
1078 1363 1236 1445 (utsupra
1250 1366 1320 1430 iam
1333 1367 1367 1430 in
1380 1366 1436 1430 ad-

292 1455 451 1532 notatione
457 1468 478 1540 ¹)
490 1463 576 1545 dixi),
589 1482 663 1526 num
674 1460 813 1525 Tibullus
828 1480 939 1526 reuera
953 1460 1049 1529 luerit
1063 1485 1159 1547 eques
1174 1467 1359 1534 Romanus.
1392 1468 1435 1532 Et

295 1569 447 1635 faciamus
469 1585 536 1631 rem
558 1567 659 1630 11333
681 1563 798 1648 habere
809 1568 915 1629 tamen
926 1567 1103 1648 perspicere
1124 1589 1187 1634 non
1207 1589 1354 1652 possum
1378 1571 1434 1652 qui

291 1674 345 1738 illa
367 1673 448 1738 dena
470 1668 625 1750 stipendia
647 1675 727 1749 quae
756 1668 876 1748 equites
898 1668 1033 1752 Romani
1052 1663 1172 1737 merere
1196 1674 1378 1754 debebant,
1404 1673 1432 1738 si

292 1797 319 1844 3.
344 1777 469 1841 demum
492 1775 552 1838 715
576 1791 595 1836 3
616 1770 736 1834 Τ113113
757 1775 794 1834 31
804 1771 953 1836 Ρ3333313
975 1773 1076 1838 visum
1098 1781 1148 1840 331
1159 1776 1316 1842 13333313
1341 1783 1428 1856 sunt,

293 1899 363 1945 oum
385 1878 492 1944 ordine
514 1894 620 1940 rerum
642 1873 681 1936 ab
709 1873 819 1937 eodem
852 1874 919 1938 viro
951 1875 980 1939 d.
1015 1878 1184 1943 constituto
1217 1881 1426 1945 conveniant

291 1984 373 2050 Nam
394 1980 562 2047 Passovius
584 1981 651 2059 ipse
667 1977 780 2042 statuit
800 1996 828 2070 3.
855 1977 915 2041 723
937 1978 1092 2045 Tibullum
1118 2000 1188 2045 cum
1209 1982 1359 2048 Messala
1394 1984 1427 2046 13

291 2085 492 2169 Aquitaniam
515 2083 618 2160 ivisse,
642 2081 696 2143 1113
718 2084 824 2143 aretem
846 2080 927 2144 dena
960 2083 1116 2162 stipendia
1149 2086 1176 2148 si
1208 2087 1255 2152 113
1291 2106 1349 2151 333
1390 2104 1425 2150 33

288 2190 420 2255 haberet
441 2193 477 2251 ut
498 2182 648 2250 Passovio'
670 2183 787 2263 placuit
808 2202 907 2264 usque
929 2184 969 2247 ad
992 2205 1019 2249 3.
1045 2188 1105 2250 725
1133 2187 1299 2255 duravisse
1325 2179 1422 2253 nemo

290 2313 350 2366 333
387 2290 510 2371 videta)
558 2288 606 2352 Ex
641 2287 701 2350 illis
736 2291 842 2350 autem
863 2288 1040 2352 rationibus
1078 2308 1156 2369 quas
1193 2292 1282 2356 initio
1323 2294 1422 2357 huius

291 2394 481 2478 quaestionis
526 2390 712 2473 protulimus
761 2393 869 2469 aperte
914 2391 1055 2471 sequitur
1102 2393 1256 2459 Tibullum
1301 2402 1417 2460 uatum

288 2509 357 2564 es'se
386 2499 469 2561 13133
498 2513 594 2559 33333
629 2493 690 2557 700
727 2497 759 2556 31
796 2493 866 2571 705,
905 2494 986 2557 unde
1024 2495 1051 2558 si
1075 2495 1271 2560 Passovium·
1298 2517 1418 2581 seque·

179 2663 182 2672 ,
287 2619 392 2666 remur
424 2598 578 2665 Tibullum
615 2597 698 2659 intra
727 2614 823 2660 annos
865 2598 925 2660 717
965 2602 998 2659 31
1032 2599 1092 2660 722
1131 2599 1170 2662 ad
1209 2619 1298 2676 arma
1330 2622 1415 2666 evo·

287 2710 390 2769 catum
413 2721 511 2784 usque
534 2702 574 2765 ad
597 2720 624 2764 a.
650 2701 710 2762 727
733 2699 782 2762 vel
806 2700 866 2763 732
890 2699 1044 2778 stipendia
1067 2702 1217 2766 meruisse
1230 2702 1415 2769 efficeretur
1478 2757 1481 2763 ,

287 2809 319 2873 id
341 2807 424 2889 quod
446 2809 572 2870 nostrae
596 2801 818 2882 computationi
840 2820 968 2882 prorsus
990 2810 1154 2885 repugnat.

371 2910 458 2988 Quae
481 2923 550 2973 cum
572 2907 617 2970 ita
640 2905 703 2970 3131
725 2905 912 2970 desistamus
936 2905 1051 2970 bellum
1074 2907 1199 2988 aliquod
1226 2911 1412 2992 excogitare

287 3017 327 3080 ad
349 3014 433 3096 quod
455 3028 579 3077 carmen
603 3010 642 3073 10
665 3013 738 3088 apte
761 3007 916 3074 referatur
938 3014 1032 3090 31333
1065 3011 1273 3076 assentiamur
1299 3015 1410 3093 potius

286 3115 511 3196 1333333333)
535 3111 780 3178 tantumabesse
793 3110 961 3176 affirmanti
982 3117 1019 3174 ut
1042 3131 1080 3176 ex
1101 3113 1161 3178 hac
1183 3115 1283 3198 elegia
1298 3135 1410 3183 neces-

285 3221 367 3286 sario
390 3223 540 3301 sequatur
561 3235 672 3297 reapse
695 3214 850 3278 Tibullum
873 3215 944 3279 belli
972 3215 1005 3278 in
1027 3216 1136 3280 eadem
1171 3219 1408 3285 commemorati

282 3323 464 3406 participem
485 3321 582 3385 fuisse
603 3325 640 3383 ut
661 3336 863 3400 quaecuuque
885 3324 918 3382 et
939 3319 971 3382 in
992 3318 1051 3384 hac
1073 3319 1179 3410 elegia¹
1189 3326 1221 3385 et
1242 3322 1274 3385 13
1290 3324 1405 3387 3313313

283 3431 392 3492 extant
413 3427 452 3489 de
474 3423 546 3489 belli
567 3422 726 3489 laboribus
742 3439 781 3486 ea
803 3421 906 3486 omnia
928 3441 984 3487 nos
1006 3424 1038 3487 in
1060 3442 1130 3488 earn
1153 3423 1310 3490 adducant
1332 3444 1405 3492 sen·

283 3530 414 3596 tentiam
435 3533 472 3592 ut
493 3525 647 3592 Tibullum
669 3525 741 3590 belli
774 3526 942 3590 immunem
975 3526 1126 3591 mansisse
1159 3532 1314 3608 putemus.
1361 3529 1404 3593 Et

282 3635 314 3699 id
337 3634 462 3715 quidem
483 3636 567 3696 recte
590 3629 668 3695 vidit
688 3629 740 3693 ille
762 3630 810 3693 vir
841 3629 1070 3710 sagacissimus.
1114 3629 1225 3711 Neque
1258 3623 1340 3694 enim
1363 3651 1402 3696 ex

282 3731 959 3815 3331133333]1311313333313131113
987 3731 1194 3814 3133303333,
1228 3753 1329 3814 neque
1362 3755 1401 3798 ex
1505 3791 1508 3796 .

264 3839 489 3919 λ331331313313
512 3837 624 3919 331533
646 3840 741 3916 poeta
764 3834 833 3899 belli
856 3833 979 3899 labores
1002 3841 1035 3898 31
1056 3837 1195 3916 pericula
1206 3837 1397 3918 perstringit,

282 3943 389 4025 quales
411 3941 610 4007 inveniuntur
633 3940 714 4018 7,25.
739 3939 789 4004 26.

281 4065 483 4076 ..-----

346 4119 357 4160 1
411 4151 418 4169 .
455 4113 575 4170 ,63313
611 4156 617 4168 ,

343 4117 368 4267 ἳί
385 4114 477 4264 {segue
494 4199 552 4264 plus
569 4111 759 4263 pr50babilitatis
782 4197 860 4247 habet
889 4211 920 4247 33
938 4196 1056 4248 Pasaovii
1074 4198 1226 4247 3331331333
1244 4212 1295 4261 333
1313 4198 1396 4262 suspi-

272 4296 357 4340 ’33133
374 4285 507 4336 Tibullum
525 4299 584 4334 oum
603 4283 654 4334 tiro
680 4289 750 4335 33331
767 4299 825 4333 cum
843 4283 872 4342 P,
891 4283 1016 4334 Ventidio
1034 4285 1060 4333 13
1079 4282 1155 4358 Syria
1173 4289 1200 4332 et
1228 4282 1321 4334 0111313
1350 4285 1396 4333 mi·

276 4375 400 4424 litavissa

341 4460 365 4524 ³)
384 4458 471 4508 lxleine
492 4457 620 4508 3313313133
638 4456 677 4508 ed,
697 4455 806 4511 Vahlen,
825 4471 848 4519 p.
871 4454 918 4508 145
936 4471 973 4520 33,
