3156 5040
635 215 823 278 „9-

165 399 240 494 μήτ’
265 397 411 484 ἀγγελίαν
432 397 503 467 τινὰ
516 396 623 475 αὐτοῖς
645 401 805 487 ἐπεμψεν,
829 396 913 468 olba
942 399 979 492 δὴ
992 400 1291 490 νομίσανιεςαῦνὸν

166 503 369 573 ἀπολωλέναι
390 509 443 570 καὶ
465 501 596 579 ἄκοντες
618 498 825 591 ὡμολόγησαν
846 504 901 571 ἐπὶ
929 508 976 594 uqi
1007 511 1170 594 μηδέποτε
1192 493 1291 591 μονο-
1386 533 1388 538 ·

166 613 316 698 μοχῇσαι,
344 612 397 673 καὶ
419 606 478 696 την
500 631 534 689 γε
554 607 693 695 Δάφνην
715 604 803 694 παρὰ
826 611 886 674 τοῦ
907 613 1029 690 Διδίον,
1057 607 1096 676 τὸ
1129 613 1195 677 τῶν
1217 607 1291 678 Ἀν-

166 722 300 794 τιοχέων
327 710 529 798 προάστειον,
552 709 688 777 ἐνοικεῖν
721 719 828 798 μέχρις
862 704 902 777 ἂν
935 715 980 801 uqi
1012 711 1146 800 Καίσαρι
1190 717 1296 781 ταῦτα·

168 818 301 906 δηλωθῇ
322 815 447 900 ἔλαβον.
535 874 537 879 .

230 961 235 974 ·
253 937 312 1002 His
336 935 489 1001 onomatis
512 935 556 999 sie
578 935 682 1016 pergit
704 935 778 1000 Dio:

254 1043 315 1106 Καὶ
351 1040 380 1105 οἱ
413 1041 473 1121 μὲν
510 1031 576 1104 ὑπὸ
611 1041 670 1115 τοῦ
703 1039 878 1106 Μεσσάλαν
913 1033 1047 1126 ὕστερον
1069 1036 1294 1129 ἀπατηθέντας

173 1145 386 1230 ἐπέμφθησαν
408 1137 503 1216 ἄλλος
517 1137 632 1208 ἄλλοσε
646 1135 686 1215 ὡς
708 1147 760 1207 καὶ
783 1143 827 1217 εἰς
854 1141 893 1210 τὰ
918 1143 1121 1230 στρατόπεδα
1140 1148 1294 1228 καταλεχ-
1327 1135 1329 1138 ’

176 1245 357 1334 λησόμενοι,
381 1250 434 1310 καὶ
457 1244 491 1310 ἐκ
503 1244 630 1329 τρόπον
648 1243 686 1334 δή
708 1271 794 1320 τινος
820 1245 1007 1336 ἐπιτηδείου
1030 1246 1228 1336 ἐφθάρησαν.
1255 1286 1291 1294 -
1389 1233 1391 1238 ⁵

179 1351 290 1428 Quibus
313 1369 351 1414 ex
373 1349 476 1413 verbis
499 1348 556 1412 viri
579 1348 607 1412 d.
633 1347 823 1429 collegerunt
846 1350 1037 1432 gladiatores
1049 1357 1217 1432 postquam
1240 1351 1295 1416 do-

175 1454 285 1520 micilia
322 1473 349 1517 a.
390 1453 450 1516 723
489 1457 616 1533 accepta
642 1453 815 1532 complures
841 1472 949 1542 ‘annos
983 1455 1197 1534 possedissent
1229 1458 1296 1518 tum

172 1558 298 1621 demum
321 1575 339 1618 a
362 1555 499 1619 Messala
535 1555 660 1619 iubente
692 1555 834 1636 Augusto
870 1558 987 1622 occisos
1024 1575 1102 1637 esse,
1126 1558 1296 1622 Messalam

172 1661 269 1742 igitur
290 1658 372 1723 bello
395 1658 579 1744 Aquitanico
617 1656 755 1721 conlecto
778 1659 809 1722 in
833 1659 941 1723 Asiam
962 1660 1137 1740 profectum
1174 1661 1217 1724 ibi
1240 1680 1297 1740 per

171 1762 358 1843 complures¹
382 1780 478 1826 annos
513 1766 736 1830 commoratum
774 1779 843 1826 esse
877 1768 972 1843 atque
996 1764 1053 1827 sub
1076 1764 1135 1828 boc
1157 1769 1297 1848 tempore

171 1867 335 1932 occasione
359 1865 434 1929 data
457 1863 624 1928 Caesarem
656 1865 767 1928 timore
805 1883 956 1930 novarum
994 1867 1182 1931 seditionum
1220 1886 1298 1947 quas

170 1971 314 2034 homines
337 1969 404 2031 eius
438 1968 521 2030 modi
554 1967 643 2030 facile
680 1966 847 2032 sollicitare
885 1974 1033 2049 poterant
1071 1970 1298 2058 gladiatoribus

169 2073 317 2138 extinctis
339 2071 529 2135 liberavisse.
575 2071 681 2134 Rebus
705 2071 815 2135 deinde
839 2071 869 2134 in
894 2072 969 2136 Asia
995 2109 1029 2117 —
1056 2091 1120 2154 qua
1142 2079 1300 2152 potestate

168 2179 396 2259 ignoratur-
424 2174 616 2264 vcompositis
639 2161 807 2238 Messalam
845 2194 872 2240 a.
914 2177 974 2238 727
998 2175 1129 2240 Romam
1167 2176 1298 2240 rediisse

111 2281 118 2292 “’
177 2279 369 2359 virtutisque
392 2277 525 2342 honores
549 2283 580 2342 et
602 2278 742 2357 praemia
765 2295 834 2341 esse
857 2277 1016 2358 adeptum.

259 2399 376 2464 Contra
397 2397 477 2462 hanc
499 2396 687 2461 sententiam
709 2401 829 2477 pugnat
850 2397 1024 2463 Hankelius
1035 2400 1057 2481 1)
1081 2400 1142 2480 qui,
1167 2400 1227 2464 nisi
1250 2418 1301 2464 me

169 2501 476 2582 fallitFiscberumll
489 2505 614 2566 secutus
626 2500 905 2581 negatexnppiani
915 2502 1023 2566 verbis
1032 2503 1208 2567 necessario
1215 2504 1304 2584 sequi

170 2607 344 2672 Messalam
360 2605 515 2685 extemplo
527 2605 629 2668 indea
645 2622 751 2684 pugna
763 2603 890 2667 Actiaca
916 2604 946 2666 in
960 2605 1162 2685 Aquitaniam
1174 2606 1305 2670 missurn

127 2727 130 2732 '
172 2729 255 2777 osse.
300 2708 409 2789 Neque
427 2708 508 2772 enim
521 2705 692 2787 quidquam
705 2705 790 2770 aliud
803 2725 840 2769 ex
858 2705 999 2786 Appiano
1015 2708 1116 2790 colligi
1133 2727 1226 2788 posse
1242 2709 1303 2772 nisi

171 2812 291 2878 bellum
304 2818 377 2892 post
386 2811 688 2892 pugnambctiacam
700 2813 880 2888 susceptum
894 2826 963 2872 esse
980 2814 1013 2874 et
1025 2816 1097 2874 aute
1109 2811 1301 2892 triumphum

86 2957 88 2962 -
173 2919 359 2982 conlectum:
409 2913 518 2993 Neque
541 2913 665 2994 quando
689 2918 792 2976 ortum
812 2925 925 2991 'neque
960 2931 1022 2993 quo
1056 2920 1197 2994 tempore
1232 2934 1303 2978 eon-

173 3020 291 3085 fectum
315 3019 357 3082 sit
372 3017 442 3080 iude
465 3017 542 3080 satis
559 3035 729 3096 apparere;
753 3036 848 3096 quam
861 3018 1049 3082 sententiam
1072 3036 1109 3080 eo
1132 3018 1301 3099 praecipue

175 3123 318 3188 adiuvari
341 3125 433 3202 putat
455 3119 538 3200 quod
561 3118 672 3183 Graeci
702 3119 861 3199 scriptoris
885 3120 980 3186 verba
1003 3139 1064 3184 nou
1097 3121 1128 3184 in
1159 3121 1327 3198 continua

176 3215 464 3306 rerumgestarum
488 3222 642 3313 Messalae
666 3223 863 3288 enarratione
894 3223 1073 3313 afferantur,
1112 3223 1221 3287 sedin
1258 3225 1303 3287 eis

70 3327 74 3332 ’
177 3327 394 3394 tantummodo
416 3325 553 3390 breuiter
574 3326 797 3390 adumbrandis
831 3345 910 3406 quae
926 3324 1071 3392 ¹Messala
1103 3345 1218 3407 magna
1241 3327 1305 3390 edi-

177 3433 268 3498 derit.
328 3431 374 3494 Ex
407 3429 502 3494 verbo
539 3434 645 3492 autem
668 3428 775 3494 Diouis
812 3419 947 3515 ὕστερον
993 3429 1109 3510 colligit
1130 3429 1304 3494 Hankelius

178 3534 347 3600 Messalam
369 3533 456 3596 initio
480 3532 551 3595 anui
576 3534 637 3595 724
660 3533 690 3595 in
712 3531 788 3595 Asia
810 3537 979 3596 versatum
993 3551 1061 3595 esse
1085 3539 1118 3596 et
1140 3533 1199 3596 boc
1222 3551 1302 3596 auno

180 3637 405 3720 gladiatoribus
428 3634 644 3716 extinguendis
658 3623 785 3714 operam
808 3636 971 3700 navavisse
988 3654 1026 3698 ex
1049 3653 1148 3714 eaque
1163 3655 1198 3698 re
1221 3634 1304 3716 quod

179 3740 355 3822 triumphus
378 3760 397 3804 a
419 3738 556 3806 Messala
578 3757 605 3804 a.
631 3738 756 3801 demum
779 3739 839 3802 727
864 3745 951 3801 actus
984 3743 1033 3801 est
1056 3739 1168 3802 statuit
1190 3737 1305 3804 bellum

181 3845 401 3926 Aquitanicam
424 3847 548 3924 gestum
571 3860 640 3906 esse
664 3859 744 3905 anno
768 3842 829 3906 725
852 3841 902 3905 vel
926 3843 997 3906 726.

259 3951 355 4042 'Quae
379 3984 448 4028 cum
471 3962 639 4026 inanimam
660 3967 785 4042 partem
809 3967 893 4026 recte
917 3961 1078 4041 disputata
1100 3961 1171 4040 sint,
1201 3966 1306 4025 tamen

183 4068 213 4133 in
236 4088 273 4132 oo
296 4087 357 4132 non
380 4066 542 4144 assentior,
557 4065 712 4146 quodvon
735 4057 921 4150 {iouepooad
944 4063 1066 4128 initium
1090 4065 1162 4127 anni
1175 4065 1236 4128 724
1259 4082 1306 4127 re-

144 4223 147 4228 .
185 4171 259 4237 terri
281 4175 396 4252 potest.
442 4161 524 4234 Nam
546 4169 573 4232 si
600 4168 734 4249 scriptor
768 4186 899 4248 graecus
936 4173 1002 4231 tam
1039 4168 1131 4231 breve
1169 4166 1306 4248 spatium
1377 4213 1384 4228 .

253 4342 272 4411 1)
289 4343 310 4400 l,
327 4359 348 4398 ο,
368 4358 393 4407 p,
413 4343 444 4392 81
464 4357 503 4404 rq.

251 4430 274 4497 2)
293 4429 384 4486 ltocm,
402 4426 543 4478 Zolttuielu
562 4443 587 4491 p,
606 4425 666 4483 381.
