3156 5040
636 280 848 346 ..43,.

179 471 260 538 duas
282 469 347 541 faro
369 488 460 551 pares
483 473 589 550 partes
613 468 735 533 abirent
757 487 889 550 quorum
922 467 977 558 alii
997 489 1035 534 ea
1056 474 1129 551 post
1162 469 1299 536 carmina

176 575 209 638 in
233 573 354 638 Deliam
376 574 492 656 scripta
513 571 566 636 alii
588 577 660 636 ante
683 571 736 653 illa
758 572 930 652 composita
952 590 1022 636 esse
1044 573 1269 638 iudicaverunt.

265 676 310 742 Ac
330 676 473 742 Dissenio
496 675 622 757 quidem
648 674 786 740 Tibullus
821 681 894 756 post
914 676 1023 740 Deliae
1058 693 1196 740 amorem
1231 695 1316 740 cumr

176 785 309 846 vacaret
343 779 533 858 melioribus
580 783 617 841 ut
653 778 698 843 ait
733 779 780 842 vir
820 781 860 858 d.‚
896 779 1037 844 sensibus
1074 797 1131 844 nee
1157 778 1303 868 puellam

177 882 313 949 haberet
360 883 400 947 ad
436 881 493 946 hos
530 881 636 946 inanes
681 881 772 946 ludos
816 882 939 946 delatus
990 900 1059 946 esso
1106 871 1193 947 visus
1239 887 1304 966 est;
1366 955 1367 960 ἵ

178 1004 282 1066 neque
304 986 337 1050 id
359 984 549 1050 Baehrensio
573 983 767 1065 improbatur
788 985 841 1067 qui
862 981 1120 1054 verisimillimum
1141 983 1273 1065 putati
1290 1019 1302 1034 ·

178 1088 286 1153 minae
309 1089 395 1169 prius
418 1105 523 1152 amore
539 1092 665 1167 captum
687 1086 784 1152 fnisse
806 1087 960 1152 Tibullum
983 1083 1079 1168 quam
1113 1108 1183 1154 cum
1203 1073 1302 1168 puero

179 1191 311 1257 luderet.
357 1189 414 1256 Oui
437 1190 610 1256 sententiae
631 1188 737 1255 favere
760 1191 884 1255 videtur
906 1210 944 1255 ea
972 1209 1023 1256 res
1058 1193 1142 1272 quod
1163 1190 1302 1256 Tibullus

179 1313 250 1360 cum
273 1293 414 1382 carmina
431 1293 462 1356 in
484 1293 664 1359 Marathum
686 1293 836 1359 scriberet
864 1313 1013 1376 magnum
1045 1295 1107 1359 iam
1129 1296 1162 1360 in
1195 1314 1301 1360 amore

175 1403 273 1462 'usum
295 1395 420 1490 videtur
440 1397 597 1476 habuisse,
620 1396 652 1461 id
674 1397 758 1478 quod
780 1398 897 1478 optime
919 1398 1107 1478 perspicitur
1139 1417 1178 1490 ex
1214 1398 1302 1464 initio

178 1499 325 1566 canninis
348 1500 459 1580 octavi,
483 1499 537 1566 ubi
558 1518 593 1566 se
615 1519 635 1566 a
656 1499 780 1565 Venere
797 1501 881 1581 ipsa
903 1520 974 1580 ‚non
997 1501 1064 1566 sine
1096 1501 1202 1591 multis
1235 1520 1304 1567 ver·
1373 1569 1377 1577 ,

177 1602 317 1670 beribus‘
347 1622 453 1668 amore
474 1601 653 1668 institutum
676 1621 746 1668 esse
767 1595 894 1669 fatetur.

265 1741 376 1822 Neque
397 1745 503 1805 umen
525 1758 563 1805 ea
589 1740 710 1806 ratione
743 1741 881 1808 adducor
914 1747 951 1806 ut
983 1746 1091 1822 putem
1125 1742 1165 1806 ad
1198 1748 1303 1822 poste·

154 1844 296 1908 ·riorem
317 1843 430 1930 Tibulli
453 1847 590 1908 aetatem
616 1844 754 1909 carmina
775 1844 806 1909 in
828 1844 1009 1910 Marathum
1031 1845 1147 1925 scripta
1164 1863 1234 1910 esse
1256 1864 1305 1910 re-

181 1947 327 2026 ferenda;
356 1946 455 2011 multo
492 1965 561 2011 sum
595 1933 723 2027 pronior
757 1947 788 2014 in
825 1947 1012 2026 sententiam
1034 1948 1121 2012 hem.
1145 1948 1305 2013 Huebneri

179 2051 235 2133 qui
258 2051 335 2116 haec
359 2049 498 2116 carmina
519 2049 615 2130 priori
637 2049 749 2116 Tibulli
772 2051 870 2116 aetati
897 2051 1008 2116 tribuit
1041 2069 1079 2116 ea
1111 2055 1148 2114 ut
1180 2051 1304 2116 videtur

178 2154 348 2236 praecipue
374 2171 469 2218 causa
490 2143 651 2233 permotus
673 2154 756 2235 quod
780 2154 950 2234 compluria
972 2155 1105 2236 vestigia
1132 2155 1164 2218 in
1186 2154 1234 2219 his
1259 2155 1305 2218 in·
1367 2183 1370 2189 ¹

178 2257 327 2322 veniebat
349 2256 431 2320 unde
455 2261 587 2336 apparet
609 2255 763 2324 Tibullum
785 2258 865 2322 haec
887 2262 1048 2344 canentem
1076 2257 1181 2338 aliquo
1212 2258 1304 2342 modo
1404 2275 1407 2280 ’

178 2359 337 2424 imitatum
363 2377 449 2423 essse
471 2363 581 2439 poetas
604 2359 837 2426 Alexandrinos,
846 2364 867 2436 ¹)
889 2361 972 2425 Nam
994 2359 1220 2425 etsiTibullum
1242 2380 1304 2425 non

177 2463 292 2529 merito
315 2462 510 2528 contenderis
536 2462 749 2527 Alexandrinis
779 2465 880 2544 poetis
905 2448 959 2528 ¹ita
981 2483 1016 2528 se
1054 2463 1232 2528 adiunxisse
1268 2469 1305 2528 ut

180 2565 339 2651 Catullum
364 2571 419 2629 aut
441 2565 638 2645 Propertium
661 2571 766 2630 tamen
793 2567 915 2631 illorum
940 2566 1126 2632 carminibus
1160 2571 1304 2632 accurate

179 2669 326 2734 tractatis
350 2687 386 2732 ac
408 2667 553 2749 perlectis
577 2671 714 2732 animum
736 2689 773 2734 ac
794 2675 940 2734 mentem·
953 2689 1025 2736 eum
1053 2670 1224 2735 excoluisse
1240 2671 1304 2734 veri
1332 2750 1336 2756 .

180 2778 230 2837 est
252 2771 456 2850 simillimum;
481 2784 577 2852 quare
600 2791 661 2836 non
683 2778 830 2852 putamus
853 2773 944 2837 nimis
977 2791 1093 2838 avaro
1125 2792 1182 2837 nos
1216 2773 1305 2838 aber·
1372 2761 1374 2765 ’

123 2927 131 2944 .
179 2893 251 2941 rare
275 2879 452 2939 statuentes
475 2875 612 2939 carmina
633 2876 664 2938 in
686 2875 866 2940 Marathum
889 2876 1005 2956 scripta
1032 2876 1185 2955 primitias
1206 2875 1303 2940 fuisse

180 2979 247 3050 eius
275 2978 454 3042 studiorum
472 2997 508 3042 ac
530 2983 605 3042 nata
628 2996 697 3041 esse
720 2998 747 3042 a.
772 2978 836 3042 iere
861 2981 919 3042 721
945 2979 1073 3043 vellii.
1119 2978 1173 3044 Eis
1196 2985 1303 3043 autem

183 3099 262 3160 quae
285 3080 323 3144 de
346 3080 461 3144 amoris
484 3100 543 3144 usu
565 3081 598 3144 in
627 3080 675 3144 his
704 3081 890 3146 carminibus
913 3082 1051 3162 prodidit
1083 3101 1144 3146 non
1179 3087 1302 3146 tantam

185 3181 247 3245 vim
268 3183 369 3248 tribuo
393 3188 429 3247 ut
466 3167 639 3248 existimem
662 3203 700 3248 ea
736 3185 840 3264 ipsum
876 3188 1037 3264 expertum
1076 3203 1145 3249 esse
1183 3203 1303 3266 usuque

184 3285 305 3367 cognita
327 3286 491 3372 habuisse;
511 3287 606 3352 immo
641 3306 845 3369 quaecunque
882 3287 920 3351 de
956 3306 1063 3352 amore
1099 3288 1236 3368 prodidit
1272 3292 1304 3352 et

181 3386 407 3472 qualiacunque
430 3389 517 3454 dedit
540 3395 708 3470 praccepta
730 3410 768 3454 ex
791 3391 899 3456 alienis
922 3391 1022 3474 magis
1046 3409 1141 3473 qnam
1175 3409 1213 3455 ex
1245 3409 1302 3456 suo

184 3510 244 3557 usn
267 3511 305 3557 ac
326 3485 455 3558 scientia
477 3492 601 3557 videtur
622 3492 773 3559 hausisse.

264 3629 327 3696 Sed
348 3634 385 3696 ut
407 3635 581 3724 extremum
594 3630 712 3700 habeat
733 3630 852 3713 aliquid
873 3632 950 3698 haec
965 3632 1136 3714 disputatio
1160 3633 1300 3698 ordinem

180 3753 244 3816 qno
267 3733 343 3798 mihi
364 3733 509 3799 videntur
530 3731 601 3798 libri
622 3733 715 3815 primi
751 3735 888 3800 carmma
924 3735 1094 3817 composita
1128 3753 1197 3810 esse
1234 3754 1305 3800 con·

179 3836 319 3902 stituam.
363 3837 475 3918 ltaque
498 3835 635 3902 omnium
656 3836 791 3919 primum
802 3842 879 3920 puto
895 3839 976 3904 circa
998 3857 1026 3904 a.
1053 3840 1112 3902 721
1138 3837 1304 3919 velpaullo

112 3929 121 3944 “’
178 3944 253 4022 post
274 3943 384 4004 natum
406 3957 476 4004 esse
498 3949 623 4004 cannen
650 3939 812 4022 decimum,
836 3959 922 4022 opus
956 3945 1041 4008 certe
1077 3941 1212 4006 iuvenile
1247 3960 1305 4007 nec

179 4047 288 4108 tamen
309 4042 518 4110 invenustum.
563 4042 696 4109 Secutae
717 4049 791 4110 sunt
819 4039 954 4111 sortasse
991 4046 1102 4110 eodem
1138 4063 1218 4109 anno
1255 4045 1305 4110 vel

183 4145 329 4225 sequenti
351 4145 471 4227 elegiae
504 4145 536 4209 in
559 4144 740 4212 Marathum
776 4148 910 4229 scriptae
947 4166 1028 4230 quae
1051 4147 1128 4212 satis
1164 4147 1307 4213 redolent

180 4247 322 4314 studium
345 4248 635 4315 Alexandrinorum.
681 4251 771 4317 Anno
795 4252 857 4318 723
880 4256 991 4336 coepta
1013 4256 1062 4316 est
1084 4251 1174 4316 Delia
1206 4251 1306 4316 amari

246 4419 269 4488 1)
286 4421 319 4477 of.
349 4435 415 4508 quac
443 4413 599 4472 Huebnarua
626 4423 654 4472 in
684 4423 854 4475 adnotatione
885 4424 1121 4490 disputatiunculae
1151 4423 1184 4475 da
1213 4432 1306 4488 quarto

180 4510 297 4563 ommino
314 4509 416 4563 adlecta
434 4522 500 4576 quaa
517 4511 614 4574 legitur
630 4511 720 4563 Herm.
738 4509 805 4563 XIV
823 4527 848 4578 p,
867 4509 917 4564 327
935 4526 973 4576 sq.
993 4509 1025 4561 da
1042 4507 1092 4562 bac
1118 4526 1148 4562 ra
1165 4512 1305 4578 congaaait.
