3156 5040
739 247 1004 349 -ao-.'

285 476 429 539 moratur
450 471 552 553 quode
576 471 690 536 certius
714 470 883 552 quidquam
906 489 943 534 ex
971 470 1105 534 carmine
1137 471 1207 551 ipso
1243 467 1310 556 erui
1344 485 1421 532 non

284 580 403 657 potest,
428 575 527 639 altera
550 579 599 639 est
620 574 697 638 haee
720 573 801 654 quod
825 574 856 637 in
879 574 1014 638 carmine
1026 574 1126 654 primo
1141 573 1247 637 insunt
1268 570 1423 635 nonnulli

284 697 393 744 versus
416 677 529 758 quibus
552 677 726 757 complures
749 676 807 741 viri
836 676 866 740 d.
891 677 1022 740 adeam
1056 677 1243 741 sententiam
1279 674 1423 738 adducti
1455 699 1458 708 ·

287 786 360 846 sunt
383 786 418 844 ut
440 780 562 845 Deliam
585 798 653 845 curn
676 780 734 872 hoc
765 798 889 844 carmen
923 779 1084 844 aTibullo
1121 779 1308 844 scriberetur
1341 797 1422 842 ma-

284 883 464 949 trimonium
486 883 548 947 iam
561 883 666 947 iniisse
690 883 862 961 crederent,
884 881 1021 950 intentio
1037 887 1142 947 autern
1165 881 1250 946 nulla
1273 880 1421 962 coniugii

285 981 419 1070 vestigia
442 986 645 1051 inveniuntur.
693 985 740 1049 De
764 985 800 1048 iis
816 985 912 1066 igitur
934 985 1035 1049 causis
1058 1004 1138 1066 quae
1162 1003 1180 1049 a
1203 985 1284 1050 vitae
1296 984 1421 1048 Deliae

286 1089 461 1154 condicione
485 1089 596 1153 strictae
619 1093 692 1152 sunt
714 1087 793 1151 infra
817 1087 1059 1168 disputabimus;
1083 1106 1163 1152 nunc
1185 1087 1268 1170 quod
1290 1087 1420 1150 bellurn

220 1183 244 1238 '·
284 1196 378 1272 poeta
414 1193 445 1255 in
478 1192 612 1256 camnine
651 1191 750 1271 primo
784 1193 973 1271 spectaverit
1006 1191 1244 1256 consideremus
1274 1227 1316 1238 ...
1339 1189 1421 1254 Hac

284 1295 380 1376 igitur
401 1295 432 1358 in
460 1295 641 1375 quaestione
670 1294 854 1358 excutienda
882 1295 939 1359 viri
963 1295 991 1359 d.
1018 1296 1049 1358 in
1072 1299 1144 1358 tres.
1171 1293 1315 1358 abierunt
1337 1312 1419 1361 sen-

285 1397 408 1477 tentias,
432 1398 477 1461 ita
500 1397 625 1478 quidem
647 1402 683 1461 ut-
710 1416 780 1463 curn
801 1397 970 1462 Messalam
1002 1401 1159 1462 constaret
1191 1396 1290 1460 tribus
1314 1415 1420 1477 expe-

234 1521 242 1537 ·
285 1500 451 1564 ditionibus
479 1500 665 1579 interfuisse,
689 1500 844 1580 Actiacae,
869 1500 1032 1579 Asiaticae,
1050 1499 1261 1581 Aquitanicae,
1291 1499 1343 1564 alii
1368 1501 1420 1565 ad

285 1602 377 1667 aliam
400 1603 522 1666 illarum
546 1603 640 1666 trium
663 1603 694 1666 id
717 1603 832 1666 bellum
855 1603 941 1668 euius
964 1604 995 1666 in
1019 1603 1154 1668 carmine
1176 1603 1276 1683 primo
1288 1604 1416 1668 mentio

285 1705 372 1770 facta
390 1711 439 1770 est
471 1704 632 1770 referrent.
678 1707 725 1770 De
747 1705 835 1770 bellis
848 1705 974 1770 Actiaco
989 1712 1053 1785 ¹aut
1074 1705 1260 1787 Aquitanico
1274 1705 1418 1786 eogitari

285 1828 345 1873 non
377 1813 483 1889 potest
512 1809 657 1889 quoniam
691 1808 820 1874 alterius
854 1809 1108 1873 verisimillimum
1142 1815 1191 1874 est
1224 1810 1416 1891 participem

288 1911 443 1976 Tibullum
466 1910 571 1990 fuisse,
595 1917 631 1975 ut
653 1931 708 1976 nos
731 1913 823 1976 modo
855 1912 1145 1991 demonstravimus
1180 1912 1272 1977 alteri
1304 1914 1414 1994 ipsum

285 2014 462 2080 interfuisse
487 2013 579 2078 elaris
602 2014 704 2079 verbis
727 2014 878 2096 indicae),
903 2033 941 2078 ex
962 2015 1021 2080 boc
1054 2019 1159 2079 autern
1182 2016 1317 2081 camnine
1352 2037 1412 2099 ap-

285 2121 376 2200 paret
399 2117 571 2181 Messalam
599 2117 725 2198 quidem
758 2117 852 2182 rebus
886 2117 1002 2182 bellicis
1027 2123 1210 2198 occupatum
1247 2137 1317 2184 esse
1353 2123 1414 2186 sed

283 2207 438 2286 Tibullum
461 2238 531 2284 curn
555 2220 614 2285 hoc
636 2239 760 2286 carmen
771 2226 923 2302 pangeret
945 2219 1028 2286 domi
1044 2225 1199 2286 moratum
1222 2240 1299 2287 esse.
1345 2223 1410 2288 Re-

282 2324 432 2406 linquitur
455 2323 551 2403 igitur
573 2328 609 2387 ut
631 2323 707 2388 illud
728 2323 844 2388 bellurn
871 2323 965 2388 adid
988 2328 1111 2404 tempus
1148 2321 1321 2390 referamus
1351 2345 1410 2407 per

244 2471 252 2486 .
285 2427 368 2508 quod
390 2426 529 2490 Messala
551 2426 764 2506 proconsulari
787 2429 944 2507 potestate
972 2427 1002 2490 in
1026 2426 1116 2509 Syria
1138 2425 1305 2507 Ciciliaque
1339 2434 1411 2494 erat
1477 2497 1482 2508 ,

283 2535 437 2594 versatus.
484 2529 525 2592 Et
561 2529 593 2592 id
630 2529 756 2610 quidem
793 2535 892 2609 recte;
915 2549 988 2593 nam
1026 2530 1091 2593 sine
1129 2529 1223 2621 dubio
1251 2531 1409 2597 Messalae

285 2652 353 2696 cum
376 2650 504 2696 munere
527 2632 740 2712 proconsulari
763 2631 946 2713 fungeretur·
972 2650 1203 2713 nonnumquam
1237 2652 1315 2713 opus
1348 2633 1410 2699 fuit

285 2736 325 2799 ad
348 2736 410 2800 vim
434 2740 528 2816 atque
542 2819 546 2828 ι
562 2744 656 2798 arma·
687 2735 874 2799 descendere
911 2735 964 2798 ubi
1000 2734 1127 2799 videbat
1158 2735 1290 2816 populos
1328 2741 1408 2802 novo

283 2839 380 2902 statui
402 2857 507 2902 rerum
529 2837 612 2916 (illae
634 2837 810 2918 provinciae
833 2842 926 2902 antea
948 2837 1082 2902 Antonio
1105 2838 1248 2903 addictae
1270 2837 1407 2915 fuerant)

237 2939 245 2956 ”
281 2941 486 3021 pertinaciter
509 2946 729 3023 repugnantes,
759 2941 856 3005 veluti
890 2941 1079 3022 gladiatores
1103 2941 1141 3005 de
1176 2942 1288 3022 quibus
1311 2961 1408 3022 supra

281 3044 422 3124 pluribus
445 3042 579 3108 diximus
602 3043 633 3108 vi
655 3049 688 3108 et
711 3044 805 3108 annis
828 3044 959 3108 domuit.
1045 3073 1051 3091 ·
1313 3067 1316 3073 ·

368 3181 472 3261 Atque
496 3181 639 3249 carminis
662 3181 753 3263 primi
776 3181 984 3245 condicionem
1014 3181 1276 3261 perpendentibus
1312 3182 1407 3247 etiam

237 3349 241 3362 ,
284 3284 346 3348 alia
369 3283 511 3364 quaestio
534 3284 622 3348 nobis
650 3269 811 3348 subeunda
844 3288 901 3347 est.
948 3282 1181 3348 Contenderunt
1217 3285 1297 3348 enim
1331 3305 1416 3364 nonff

282 3386 359 3450 nulli
382 3379 758 3466 respondisse.Tibuilum
781 3385 915 3450 carmine
939 3387 1038 3467 primo
1071 3387 1225 3452 Messalae
1259 3387 1311 3467 qui
1334 3407 1406 3452 eum

283 3490 448 3553 invitasset
469 3494 505 3553 ut
518 3508 561 3553 se
584 3489 615 3552 in
630 3489 746 3554 bellum
769 3490 970 3554 comitaretur
991 3490 1084 3571 idque
1106 3490 1300 3554 recusavisse
1317 3509 1408 3554 excu-

284 3597 404 3656 santem
428 3611 566 3657 amorem
589 3611 650 3674 quo
673 3592 799 3657 arderet
827 3593 858 3655 in
880 3592 1001 3657 Deliam
1035 3598 1068 3656 et
1089 3592 1222 3656 indolem
1247 3598 1407 3657 naturam-

288 3714 348 3775 que
373 3715 462 3760 suam
485 3714 565 3776 quae
603 3695 850 3760 abhorrerenta
878 3696 971 3760 rebus
1008 3695 1136 3778 belliciS,
1160 3695 1297 3761 Messala
1333 3715 1407 3761 vero

284 3817 355 3864 eum
377 3799 490 3862 itemm
512 3795 655 3880 precibus
678 3803 810 3879 urgente
832 3799 979 3862 resistere
1012 3804 1138 3878 poetam
1170 3818 1233 3865 non
1265 3799 1407 3880 potuisse

284 3905 316 3966 et
338 3901 369 3964 in
392 3900 507 3965 bellum
529 3900 684 3966 fautorem
707 3919 776 3965 esse
805 3901 994 3987 comitatum.
1041 3901 1132 3978 Quod
1165 3902 1279 3968 bellurn
1312 3909 1408 3983 prout

285 4005 395 4086 cuique
417 4004 499 4067 ratio
522 4011 591 4069 erat
613 4004 803 4086 quaestionis
827 4003 879 4069 alii
911 4004 1066 4084 putabant
1087 4005 1319 4086 Aquitanicum,
1354 4005 1406 4070 alii

275 4106 512 4197 ¹expeditionem
535 4107 706 4172 Asiaticam
727 4106 834 4172 fuisse⁴
880 4107 1018 4188 Quarum
1041 4112 1208 4189 utramque
1231 4107 1424 4188 opinionem

285 4210 397 4276 falsam
420 4227 489 4274 esse
513 4228 551 4274 ex
573 4211 617 4275 eis
647 4228 727 4293 quae
762 4211 949 4275 antecedunt
982 4210 1058 4276 satis
1093 4211 1174 4276 clare
1211 4210 1319 4276 elucet.
1365 4211 1393 4276 Ε
1497 4297 1499 4304 ⁴
1566 4205 1568 4216 ⁴

287 4313 438 4379 faciamus
462 4317 497 4377 ut
519 4311 599 4378 falsa
621 4313 684 4380 sint
706 4333 786 4394 quae
814 4313 902 4378 nobis
924 4308 1066 4378 videmur
1087 4313 1268 4393 probavisse
1301 4318 1406 4382 tamen

351 4483 518 4555 MMMZ
