3156 5040
767 236 894 302 ...13
938 271 978 283 -

315 424 453 488 oratione
489 423 570 486 inter
605 441 638 488 se
662 420 784 488 differre
817 427 854 488 ut
876 443 922 507 ex,
947 423 1138 492 hisidorum
1162 427 1368 494 ordorecte
1396 449 1477 496 con-

313 527 504 591 stitueretur.

397 680 484 758 Quae
507 681 632 744 eumita
654 686 760 745 essent
782 686 887 745 tamen
909 680 1074 746 Teuffelius
1087 685 1109 758 ¹)
1122 682 1152 748 iu
1175 685 1388 752 carminibus
1417 687 1473 751 Ti-

310 784 444 848 bullanis
468 783 645 848 ordinandis
660 801 721 847 non
736 784 853 848 veritus
876 789 925 848 est
946 784 1005 849 lrac
1019 785 1139 850 ratione
1162 805 1198 851 ac
1220 788 1270 852 via
1288 786 1471 871 progredi

245 957 249 966 ¹
315 887 398 968 quod
433 890 550 966 quanto
585 886 772 950 detrimento
805 886 853 950 vir
885 886 913 951 d.
949 885 1058 952 fecerit
1089 907 1170 953 nunc
1192 891 1467 957 consideremus,

313 990 475 1056 Profectus
490 987 586 1070 igitur
608 988 827 1071 apanegyn'co
861 990 891 1052 in
906 989 1074 1055 Messalam
1091 991 1185 1056 misso
1201 1011 1294 1073 quem
1316 996 1469 1075 quidem

313 1099 407 1176 putat
429 1110 507 1174 opus
530 1092 661 1157 iuvenile
688 1096 827 1156 attamen
849 1111 921 1156 vere
936 1091 960 1158 T
962 1092 1141 1157 ibullianum
1163 1113 1220 1159 nec
1241 1115 1305 1161 non
1331 1097 1466 1162 summi

317 1196 468 1262 momenti
491 1213 561 1260 esse
593 1195 626 1259 in-
647 1195 711 1258 uita
733 1194 843 1260 Tibulli
877 1200 961 1260 recte
984 1196 1185 1260 describenda
1208 1199 1468 1264 tresdistinxit

311 1300 429 1382 gradus
453 1298 564 1380 quibus
598 1302 692 1378 poeta
725 1298 765 1362 ad
799 1317 950 1362 summam
984 1297 1208 1379 perfectionem,
1237 1303 1460 1366 ascendisset

311 1421 480 1484 eorumque
503 1399 735 1482 primotribnit
756 1402 977 1483 panegyricum
1000 1402 1101 1484 ipsum
1125 1409 1157 1468 et
1180 1403 1314 1484 elegiam
1344 1406 1459 1487 septi-

308 1526 400 1586 mam,
434 1504 568 1570 secumdo
602 1503 739 1568 carmina
761 1503 801 1594 in
835 1503 1013 1569 Marathum
1048 1506 1164 1587 scripta
1198 1511 1231 1570 et
1264 1507 1474 1588 decimum'

308 1609 403 1675 tertio
428 1625 569 1689 eaquae
597 1607 628 1671 in
651 1624 757 1671 amore
779 1606 888 1672 Deliae
911 1613 1085 1673 versantur.
1132 1608 1306 1690 Septimam
1337 1611 1455 1694 igitur

308 1713 440 1795 elegiam
474 1711 605 1793 primam
639 1709 775 1774 omnium
798 1728 876 1792 quas
911 1711 1048 1777 continet
1080 1710 1159 1777 liber
1192 1712 1312 1792 primus
1352 1733 1451 1780 com-

307 1817 444 1910 positum
467 1833 536 1880 esse
568 1812 693 1878 iudicat.
738 1812 820 1877 Nam
852 1813 962 1878 iisdem
986 1813 1051 1879 fere
1073 1814 1156 1879 vitiis
1191 1834 1259 1880 cam
1282 1815 1448 1882 laborare

310 1920 422 2002 quibus
444 1917 664 1999 panegyricum
687 1915 719 1978 id
742 1916 824 1996 quod
846 1914 952 1981 multis
976 1918 1077 1986 causis
1100 1916 1202 1983 allatis
1226 1921 1445 2000 comprobare

307 2023 428 2088 studuit
462 2019 635 2102 dequibus
669 2037 738 2082 curn
761 2019 907 2098 quaestio.
936 2021 976 2085 ad
1010 2021 1142 2103 elegiam
1177 2023 1346 2104 septimam
1388 2043 1444 2088 ac-

303 2127 440 2193 curatius
452 2121 697 2206 perspiciendam
709 2122 886 2202 pervenerit
901 2123 1041 2203 pluribus
1054 2125 1215 2190 disseram.
1263 2126 1344 2191 Post
1360 2145 1440 2191 eam

307 2229 478 2311 composita
500 2226 645 2292 uidentur
666 2211 813 2291 Teuffelio
835 2226 972 2290 carmina
994 2227 1024 2291 in
1047 2227 1226 2292 Marathum
1250 2229 1372 2309 scripta
1404 2235 1440 2293 et

310 2334 411 2416 elegia
445 2331 567 2396 decima
600 2347 679 2409 quae
703 2329 826 2411 quidem
859 2348 920 2393 non
941 2330 1082 2394 omnibns
1112 2331 1248 2396 numeris
1282 2331 1436 2400 absoluta

307 2439 377 2516 sint,
412 2433 600 2516 panegyrico
636 2437 743 2496 tamen
767 2437 802 2500 ,et
825 2432 943 2515 elegiae
966 2434 1118 2514 septimae
1142 2433 1366 2514 compositione
1400 2441 1435 2500 et

307 2541 446 2606 oratione
462 2537 655 2618 aliquantum
679 2535 872 2599 antecedant.
918 2535 986 2613 Qua
1002 2538 1271 2618 argumentatione
1286 2541 1434 2619 quando-

249 2675 256 2686 ·
304 2644 429 2726 quidem
451 2639 587 2704 dubitari
609 2657 669 2703 non
693 2643 797 2718 potest
819 2638 893 2719 quin
915 2638 1016 2720 elegia
1038 2639 1171 2720 septima
1191 2661 1223 2718 a.
1249 2643 1317 2706 727.
1342 2661 1432 2707 com-

305 2746 410 2828 posita
431 2743 472 2810 sit
499 2747 624 2807 coactns
651 2746 700 2806 cst
722 2741 770 2804 vir
792 2741 819 2805 d.
843 2746 879 2805 ut
906 2741 1020 2805 bellum
1043 2744 1200 2824 quoddam
1230 2746 1431 2826 excogitaret

247 2857 252 2870 '
305 2851 344 2915 ad
367 2847 449 2931 quod
482 2846 582 2928 elegia
610 2845 729 2909 decima
762 2848 834 2924 apte
867 2843 1030 2911 referatur.
1076 2846 1193 2912 Statuit
1224 2847 1320 2928 igitur
1342 2827 1428 2914 anno

304 2954 368 3018 lere
393 2953 453 3016 729
476 2948 595 3014 Tibullo
618 2948 754 3024 eundum
781 2946 877 3012 luisse
899 2967 962 3013 una
989 2966 1057 3016 cum
1079 2949 1217 3015 Messala
1245 2951 1285 3014 ad
1307 2950 1426 3017 bellum

304 3056 335 3120 in
358 3055 433 3120 rtsia
461 3053 632 3134 gerendum
659 3070 752 3132 quam
776 3051 900 3131 quidem
924 3053 1111 3118 sententiam
1136 3053 1227 3118 certis
1250 3055 1425 3119 rationibus

305 3159 409 3225 omisit
430 3155 577 3222 stabilire.
623 3155 711 3219 ldem
733 3151 784 3218 ille
806 3153 889 3218 nullo
913 3160 1039 3220 auctore
1063 3155 1176 3221 asserit
1199 3157 1278 3222 circa
1307 3176 1335 3221 a.
1360 3159 1425 3222 730

241 3325 247 3337 ,
303 3259 457 3327 Tibullum
479 3258 592 3323 iterum
607 3257 776 3322 Messalam
798 3258 829 3322 in
851 3257 966 3322 bellum
982 3260 1162 3326 comitatum
1186 3279 1254 3324 esse
1277 3260 1318 3324 ad
1339 3261 1423 3340 quod

304 3365 401 3430 refert
434 3362 566 3444 elegiam
596 3361 728 3442 primam
758 3380 795 3425 ac
817 3361 951 3426 tertiam.
998 3362 1084 3440 Qurae
1112 3365 1215 3428 omnia
1237 3368 1320 3428 certe
1342 3362 1423 3428 falso

306 3470 466 3550 disputata
489 3469 569 3531 sunt.
615 3463 708 3528 Nulla
742 3464 823 3529 enim
851 3465 972 3530 ratione
995 3466 1091 3531 evinci
1124 3471 1231 3547 potest
1251 3466 1421 3533 Messalam

307 3577 380 3654 post
403 3569 593 3650 triumphum
617 3585 645 3631 a.
671 3569 730 3631 727
758 3572 861 3634 actum
886 3568 959 3632 alibi
981 3575 1203 3653 praeterquam
1224 3569 1343 3636 Rornae
1372 3573 1421 3638 vel

241 3693 246 3705 ·
304 3677 336 3741 in
372 3673 500 3755 praedio
538 3689 595 3735 suo
631 3675 791 3735 versatum
824 3689 906 3750 esse;
940 3673 1034 3737 lmmo
1066 3673 1137 3737 inde
1171 3674 1210 3740 ab
1244 3695 1324 3741 anno
1358 3678 1419 3742 727

302 3777 440 3843 Messala
462 3795 481 3840 a
504 3773 634 3855 publicis
656 3775 790 3856 negotiis
813 3793 941 3858 prorsus
964 3775 1152 3841 abstinuisse
1178 3780 1335 3859 putandus
1357 3785 1417 3858 est;

301 3883 332 3946 id
355 3879 438 3961 quod
461 3879 509 3944 vel
532 3878 603 3942 inde
625 3875 797 3941 luculenter
826 3883 958 3958 apparet
980 3879 1062 3959 quod
1085 3897 1197 3946 munns
1224 3881 1281 3946 sibi
1305 3902 1331 3948 a.
1358 3884 1418 3950 728

300 3986 340 4050 ab
362 3985 505 4065 Augusto
527 3980 749 4046 demandatum
771 4000 865 4063 quam
888 3980 1017 4046 dicimus
1040 3983 1126 4048 urbis
1157 3983 1418 4068 praefecturam'2)

301 4094 393 4154 sexto
415 4086 477 4151 iam
501 4085 551 4149 die
574 4084 728 4166 deposuit.
775 4084 843 4162 Quo
871 4084 1057 4166 magistratu
1092 4104 1129 4150 ex
1151 4085 1259 4151 Dionis
1287 4087 1417 4172 verbis)

364 4279 386 4342 1)
402 4271 476 4330 Stud.
494 4279 520 4323 ct
537 4269 651 4326 charact.
669 4289 685 4338 p
714 4271 765 4327 :352
782 4289 820 4337 sq.

361 4359 386 4428 r)
405 4359 438 4416 cl.
456 4357 519 4413 Tac.
539 4372 600 4436 ann,
618 4357 696 4415 Vl.ll.

360 4451 386 4516 a>
404 4445 495 4496 xcix
515 4442 640 4508 1o,m,3.
695 4501 698 4510 ,
