3156 5040
637 219 918 301 -rr-'

309 423 375 487 lam
397 426 502 490 ¹modo
523 427 586 490 iam
599 425 724 506 'possim
747 430 911 490 contentus
932 425 1036 490 vivere
1059 445 1168 506 parvo

309 527 372 591 Nec
396 546 529 609 semper
550 529 661 610 longae
684 529 808 592 deditus
831 547 900 593 esse
923 528 992 592 viae

176 633 208 692 et
228 631 295 708 3,56

302 733 484 798 Messalam
507 739 592 800 terra
613 736 688 800 dum
710 736 912 816 sequiturque
935 737 1014 802 mari

169 840 248 898 recte
260 835 397 899 iudicari
411 837 682 918 potestTibullum
693 856 803 902 revera
814 839 920 916 militis
932 859 1059 916 munere
1072 839 1298 905 esselunctum

166 936 273 1017 Neque
290 939 377 1002 enim
397 960 542 1020 unquam
564 941 701 1027 loquitur
720 941 759 1006 de
779 941 937 1006 laboribus
959 941 1041 1022 belli,
1069 943 1107 1006 de
1131 943 1298 1007 atrocitate
1419 951 1422 958 '

166 1041 349 1120 pugnae'de
361 1043 479 1108 militis
491 1062 618 1107 munere
631 1044 822 1125 gravissimo,
835 1045 891 1108 sed
903 1063 1026 1128 semper
1032 1045 1173 1125 queritur
1184 1045 1223 1109 de
1235 1065 1299 1110 mo-

167 1140 257 1206 lestia
268 1149 398 1210 tantum
410 1147 577 1227 longorum
589 1147 742 1212 itinerum.
787 1132 1232 1232 Acueindequidemquodc.
1248 1149 1298 1227 7,9

156 1249 261 1322 poeta
281 1247 359 1312 dicit
1353 1246 1361 1257 '

177 1377 181 1386 ·
421 1353 494 1417 Non
517 1352 582 1416 sine
605 1371 660 1416 me·
678 1357 727 1416 est
748 1353 805 1418 tibi
827 1358 937 1432 partus
960 1353 1057 1417 honos

166 1454 246 1514 recte
269 1453 439 1536 colligitur
461 1455 616 1520 Tibullum
637 1455 802 1547 militasse;
831 1475 869 1519 ex
905 1455 963 1520 hoc
999 1455 1081 1546 enim
1116 1455 1184 1521 loco
1220 1456 1297 1520 nihil

167 1551 255 1620 aliud.
270 1558 342 1620 erui
382 1563 492 1639 potest
524 1558 584 1622 nisi
605 1557 759 1622 Tibullum
795 1578 857 1622 una
890 1577 960 1624 cum
981 1558 1119 1622 Messala
1151 1559 1182 1622 in
1204 1559 1300 1640 Aqui·
1346 1585 1351 1596 ·
1378 1587 1384 1599 ·

169 1655 250 1728 tonia
272 1657 400 1741 fuisse3
423 1662 462 1725 de
484 1661 595 1726 militia
617 1680 636 1725 a
659 1680 692 1726 se
715 1661 799 1726 facta
821 1661 938 1726 nullum
960 1661 1090 1726 verbum
1112 1666 1207 1742 poeta
1228 1681 1298 1742 pro-

172 1755 251 1823 didit
301 1763 407 1830 Vitae
430 1769 536 1828 autem
558 1763 669 1828 Tibulli
692 1764 847 1829 codicibus
869 1764 1005 1828 traditae
1028 1782 1066 1828 ex
1088 1783 1151 1844 qua
1184 1765 1213 1828 ei
1246 1765 1299 1845 qui

171 1878 222 1940 pro
243 1864 368 1932 Tibulli
392 1867 503 1932 militia
524 1871 665 1949 pugnant
686 1867 858 1932 hauserunt
880 1887 934 1932 cur
955 1865 1298 1948 fidem‘denegaremus

171 1962 294 2032 iamiam
329 1971 626 2036 demonstravimus.
671 1969 782 2050 Itaque
815 1969 1153 2060 mu'lto'proniorsum
1175 1969 1299 2058 ineam

168 2073 363 2139 sententiam
387 2078 423 2137 ut
444 2073 613 2138 Messalam
628 2078 736 2153 putem
759 2092 795 2138 eo
818 2074 983 2138 dumtaxat
1005 2072 1132 2137 oonsilio
1143 2072 1298 2137 Tibullum

170 2174 203 2234 ut
223 2191 258 2237 se
282 2177 494 2242 comitaretur
514 2176 694 2241 irritavisse
717 2182 752 2241 ut
773 2175 904 2240 haberet
937 2194 1069 2255 quocum
1103 2176 1297 2240 sermonibus

172 2276 298 2343 urbanis
323 2281 426 2345 vitam
449 2285 639 2344 castrensem
654 2273 756 2361 ¹quam
778 2279 962 2345 suavissime
991 2283 1117 2358 tereret,
1157 2279 1189 2343 id
1216 2279 1300 2359 quod

173 2382 368 2447 exercituum
391 2383 486 2448 duces
513 2386 545 2447 et
566 2384 803 2461 proconsulares
840 2388 907 2446 tum
944 2381 1046 2447 facere
1084 2381 1191 2446 solitos
1229 2399 1298 2446 esse

171 2478 248 2546 inter
272 2505 387 2566 omnes
416 2490 547 2551 constat.
592 2485 747 2550 Tibullum
783 2492 889 2551 autem
925 2486 957 2550 in
994 2485 1121 2572 cohorte
1142 2484 1299 2548 Messalae

174 2589 432 2656 contubemalem
459 2609 520 2653 non
557 2589 686 2653 militem
722 2589 819 2654 fuisse
855 2589 905 2653 vel
937 2589 1008 2652 inde
1041 2592 1178 2668 'apparet
1214 2587 1298 2666 quod

177 2693 263 2764 poeta
286 2695 358 2774 ipse
381 2693 468 2757 initio
490 2692 608 2773 elegiae
631 2677 743 2756 tertiae
767 2692 908 2774 queritur
929 2692 1014 2756 hisce
1036 2690 1152 2755 verbis:
1177 2759 1179 2764 ,

240 2793 242 2798 ’
355 2796 444 2860 Ibitis
467 2795 611 2876 Aegaeas
634 2795 699 2859 sine
722 2813 781 2874 me,
804 2794 951 2873 Messala,
974 2813 1031 2874 per
1053 2794 1161 2873 undas

356 2898 382 2962 Ο
406 2897 525 2962 utinam
547 2916 700 2962 memores
722 2898 789 2978 ipse
813 2900 989 2983 cohorsque
1011 2896 1088 2961 mei!

177 3069 181 3077 ,
258 3002 324 3068 Sed
347 3007 383 3066 ut
404 3001 531 3065 redeam
554 3021 571 3065 e
594 3000 783 3066 diverticulis
806 3001 838 3063 in
860 3001 942 3064 viam
957 2999 1041 3063 nullo
1057 2999 1149 3064 modo
1172 3001 1298 3081 probari

173 3109 282 3178 potest
304 3104 458 3168 Tibullum
494 3104 654 3169 militasse.
699 3103 810 3184 Neque
847 3089 943 3184 igitur
979 3121 1107 3174 necesse
1145 3109 1194 3168 est
1230 3108 1298 3168 tum

173 3207 326 3289 temporis
369 3226 438 3272 cum
458 3201 604 3288 'elegiam
632 3207 783 3271 decimam
816 3211 1016 3286 componeret
1052 3210 1177 3286 poetam
1212 3225 1300 3270 arma

173 3325 286 3376 revera
310 3330 421 3392 capere
455 3315 595 3375 coactum
630 3329 699 3374 esse
732 3303 886 3390 putemus.
930 3309 1029 3373 Immo
1062 3314 1146 3374 recte
1179 3310 1299 3374 monuit

104 3453 107 3461 -
175 3409 393 3479 Lachmannus
405 3413 437 3496 (l.
453 3411 492 3496 c.)
504 3417 603 3477 totam
614 3413 706 3478 huius
718 3413 836 3494 elegiae
851 3411 1059 3478 condicionem
1082 3431 1152 3477 eam
1174 3431 1243 3477 esse
1265 3419 1302 3477 ut

173 3511 264 3582 facile
287 3517 534 3597 perspiceremus
557 3534 612 3597 spe
645 3516 809 3580 etiamtum
842 3516 969 3604 ductum
1002 3534 1071 3580 esse
1104 3521 1230 3596 poetam
1265 3535 1299 3580 se

176 3617 248 3684 belli
269 3621 438 3684 immunem
461 3638 531 3683 esse
553 3637 655 3700 posse,
679 3619 711 3682 id
733 3619 817 3699 quod
853 3618 969 3698 optime
1006 3624 1140 3699 apparet
1176 3637 1193 3683 e
1230 3638 1298 3683 ver-

161 3723 264 3796 sibus
288 3723 429 3788 29-32:
547 3717 557 3784 .’
708 3792 711 3798 ,
850 3805 853 3812 ¹

337 3827 388 3892 Sic
409 3827 549 3908 placeam
570 3825 668 3890 vobis:
693 3825 772 3890 alius
795 3825 837 3890 sit
858 3823 948 3889 fortis
970 3824 1002 3888 in
1025 3823 1130 3904 armis,

339 3929 469 3995 Sternat
489 3935 523 3993 et
544 3930 692 3994 adversos
714 3928 818 3993 Marte
838 3927 964 3993 favente
987 3927 1091 4007 duces,

339 4033 383 4098 Ut
405 4032 480 4096 mihi
502 4033 623 4113 potanti
645 4031 746 4113 possit
768 4050 825 4095 sua
848 4029 1056 4098 dicerefacta

337 4135 429 4200 Miles
452 4140 484 4199 et
506 4135 537 4199 in
559 4154 667 4212 mensa
688 4135 817 4216 pingere
839 4138 943 4197 castra
964 4151 1060 4213 mero,

176 4258 309 4320 quorum
330 4244 367 4303 ut
388 4244 473 4303 recte
505 4237 585 4302 vidit
606 4237 822 4302 Lachmannus
869 4241 969 4316 aptus
1000 4255 1110 4300 sensus
1147 4241 1197 4300 est
1232 4236 1295 4301 hio:

177 4342 247 4422 ,Alii
269 4342 394 4406 laudem
415 4341 488 4406 belli
511 4360 605 4423 quam
626 4341 795 4406 maximam
806 4340 865 4404 sibi
886 4346 1012 4420 parent;
1036 4359 1094 4421 ego
1123 4340 1190 4419 ipse
1213 4340 1297 4404 domi

177 4463 331 4526 maneam,
356 4444 485 4512 etmihi
506 4436 635 4511 narrent
668 4443 782 4510 milites
816 4442 900 4512 sacta
921 4463 979 4512 sua
1001 4463 1071 4510 cum
1093 4462 1110 4508 e
1133 4443 1214 4510 bello
1247 4463 1295 4510 re·
1319 4507 1323 4516 ,
