<?xml version="1.0" encoding="UTF-8"?>
<!DOCTYPE html PUBLIC "-//W3C//DTD XHTML 1.0 Transitional//EN"
    "http://www.w3.org/TR/xhtml1/DTD/xhtml1-transitional.dtd">
<html xmlns="http://www.w3.org/1999/xhtml" xml:lang="en" lang="en">
 <head>
  <title>
</title>
<meta http-equiv="Content-Type" content="text/html;charset=utf-8" />
  <meta name='ocr-system' content='tesseract 3.04.00' />
  <meta name='ocr-capabilities' content='ocr_page ocr_carea ocr_par ocr_line ocrx_word'/>
</head>
<body>
  <div class='ocr_page' id='page_1' title='image "./quaestionesinti00schugoog_0041.png"; bbox 0 0 3156 5040; ppageno 0'>
   <div class='ocr_carea' id='block_1_1' title="bbox 745 227 940 310">
    <p class='ocr_par' dir='ltr' id='par_1_1' title="bbox 745 227 940 310">
     <span class='ocr_line' id='line_1_1' title="bbox 745 227 940 310; baseline 0 -16"><span class='ocrx_word' id='word_1_1' title='bbox 745 227 940 310; x_wconf 73' lang='lat'><strong>-3&#39;6..</strong></span> 
     </span>
    </p>
   </div>
   <div class='ocr_carea' id='block_1_2' title="bbox 203 421 1476 3514">
    <p class='ocr_par' dir='ltr' id='par_1_2' title="bbox 203 421 1456 516">
     <span class='ocr_line' id='line_1_2' title="bbox 203 421 1456 516; baseline -0.006 -16"><span class='ocrx_word' id='word_1_2' title='bbox 203 421 208 432; x_wconf 75' lang='grc'>’</span> <span class='ocrx_word' id='word_1_3' title='bbox 280 435 364 516; x_wconf 93' lang='lat' dir='ltr'><strong>quod</strong></span> <span class='ocrx_word' id='word_1_4' title='bbox 391 433 570 499; x_wconf 84' lang='lat' dir='ltr'><strong>animumn</strong></span> <span class='ocrx_word' id='word_1_5' title='bbox 603 451 637 498; x_wconf 87' lang='lat' dir='ltr'><strong>se</strong></span> <span class='ocrx_word' id='word_1_6' title='bbox 675 433 824 498; x_wconf 82' lang='lat' dir='ltr'><strong>averterit</strong></span> <span class='ocrx_word' id='word_1_7' title='bbox 856 432 972 514; x_wconf 89' lang='lat' dir='ltr'><strong>aliique</strong></span> <span class='ocrx_word' id='word_1_8' title='bbox 1006 433 1072 498; x_wconf 75' lang='lat' dir='ltr'><strong>viro</strong></span> <span class='ocrx_word' id='word_1_9' title='bbox 1104 433 1295 515; x_wconf 85' lang='lat' dir='ltr'><strong>nupserit.</strong></span> <span class='ocrx_word' id='word_1_10' title='bbox 1357 430 1456 494; x_wconf 86' lang='lat' dir='ltr'><strong>Certe</strong></span> 
     </span>
    </p>

    <p class='ocr_par' dir='ltr' id='par_1_3' title="bbox 239 536 1476 3514">
     <span class='ocr_line' id='line_1_3' title="bbox 239 536 1456 618; baseline -0.006 -16"><span class='ocrx_word' id='word_1_11' title='bbox 239 537 391 602; x_wconf 56' lang='lat' dir='ltr'><strong>¹‘mirum</strong></span> <span class='ocrx_word' id='word_1_12' title='bbox 443 537 564 602; x_wconf 90' lang='lat' dir='ltr'><strong>videtur</strong></span> <span class='ocrx_word' id='word_1_13' title='bbox 601 555 670 600; x_wconf 88' lang='lat' dir='ltr'><strong>csso</strong></span> <span class='ocrx_word' id='word_1_14' title='bbox 706 536 789 618; x_wconf 91' lang='lat' dir='ltr'><strong>quod</strong></span> <span class='ocrx_word' id='word_1_15' title='bbox 839 541 933 616; x_wconf 87' lang='lat' dir='ltr'><strong>poeta</strong></span> <span class='ocrx_word' id='word_1_16' title='bbox 970 555 1065 617; x_wconf 91' lang='lat' dir='ltr'><strong>quem</strong></span> <span class='ocrx_word' id='word_1_17' title='bbox 1113 537 1148 600; x_wconf 91' lang='lat' dir='ltr'><strong>in</strong></span> <span class='ocrx_word' id='word_1_18' title='bbox 1198 536 1299 599; x_wconf 88' lang='lat' dir='ltr'><strong>iram</strong></span> <span class='ocrx_word' id='word_1_19' title='bbox 1359 551 1456 614; x_wconf 87' lang='lat' dir='ltr'><strong>prae-</strong></span> 
     </span>
     <span class='ocr_line' id='line_1_4' title="bbox 281 635 1454 721; baseline -0.008 -16"><span class='ocrx_word' id='word_1_20' title='bbox 281 640 405 721; x_wconf 89' lang='lat' dir='ltr'><strong>cipitem</strong></span> <span class='ocrx_word' id='word_1_21' title='bbox 428 653 498 704; x_wconf 87' lang='lat' dir='ltr'><strong>esse</strong></span> <span class='ocrx_word' id='word_1_22' title='bbox 520 658 557 702; x_wconf 88' lang='lat' dir='ltr'><strong>ex</strong></span> <span class='ocrx_word' id='word_1_23' title='bbox 580 638 649 702; x_wconf 88' lang='lat' dir='ltr'><strong>aliis</strong></span> <span class='ocrx_word' id='word_1_24' title='bbox 671 639 746 704; x_wconf 87' lang='lat' dir='ltr'><strong>locis</strong></span> <span class='ocrx_word' id='word_1_25' title='bbox 769 640 977 720; x_wconf 84' lang='lat' dir='ltr'><strong>cognovimus,</strong></span> <span class='ocrx_word' id='word_1_26' title='bbox 1002 639 1151 720; x_wconf 84' lang='lat' dir='ltr'><strong>quoniam</strong></span> <span class='ocrx_word' id='word_1_27' title='bbox 1196 657 1274 703; x_wconf 90' lang='lat' dir='ltr'><strong>non</strong></span> <span class='ocrx_word' id='word_1_28' title='bbox 1312 635 1454 700; x_wconf 89' lang='lat' dir='ltr'><strong>dubium</strong></span> 
     </span>
     <span class='ocr_line' id='line_1_5' title="bbox 280 741 1455 824; baseline -0.005 -18"><span class='ocrx_word' id='word_1_29' title='bbox 280 749 329 807; x_wconf 91' lang='lat' dir='ltr'><strong>est</strong></span> <span class='ocrx_word' id='word_1_30' title='bbox 344 742 417 824; x_wconf 90' lang='lat' dir='ltr'><strong>quin</strong></span> <span class='ocrx_word' id='word_1_31' title='bbox 430 741 698 807; x_wconf 85' lang='lat' dir='ltr'><strong>vehementissime</strong></span> <span class='ocrx_word' id='word_1_32' title='bbox 714 742 816 806; x_wconf 89' lang='lat' dir='ltr'><strong>animo</strong></span> <span class='ocrx_word' id='word_1_33' title='bbox 839 742 1041 822; x_wconf 87' lang='lat' dir='ltr'><strong>perturbatus</strong></span> <span class='ocrx_word' id='word_1_34' title='bbox 1055 743 1096 806; x_wconf 87' lang='lat' dir='ltr'><strong>sit</strong></span> <span class='ocrx_word' id='word_1_35' title='bbox 1109 761 1189 806; x_wconf 93' lang='lat' dir='ltr'><strong>cum</strong></span> <span class='ocrx_word' id='word_1_36' title='bbox 1206 741 1358 806; x_wconf 86' lang='lat' dir='ltr'>Deliam</span> <span class='ocrx_word' id='word_1_37' title='bbox 1386 757 1455 801; x_wconf 88' lang='lat' dir='ltr'><strong>ma-</strong></span> 
     </span>
     <span class='ocr_line' id='line_1_6' title="bbox 281 843 1456 925; baseline -0.007 -15"><span class='ocrx_word' id='word_1_38' title='bbox 281 845 459 910; x_wconf 89' lang='lat' dir='ltr'><strong>trimonium</strong></span> <span class='ocrx_word' id='word_1_39' title='bbox 481 845 586 910; x_wconf 88' lang='lat' dir='ltr'><strong>iniisse</strong></span> <span class='ocrx_word' id='word_1_40' title='bbox 610 845 802 925; x_wconf 77' lang='lat' dir='ltr'><strong>comperiret,</strong></span> <span class='ocrx_word' id='word_1_41' title='bbox 826 843 964 909; x_wconf 93' lang='lat' dir='ltr'><strong>dolorem</strong></span> <span class='ocrx_word' id='word_1_42' title='bbox 988 863 1078 910; x_wconf 89' lang='lat' dir='ltr'><strong>suum</strong></span> <span class='ocrx_word' id='word_1_43' title='bbox 1101 865 1176 909; x_wconf 91' lang='lat' dir='ltr'><strong>cum</strong></span> <span class='ocrx_word' id='word_1_44' title='bbox 1206 849 1327 925; x_wconf 88' lang='lat' dir='ltr'><strong>poeta</strong></span> <span class='ocrx_word' id='word_1_45' title='bbox 1362 844 1456 905; x_wconf 86' lang='lat' dir='ltr'><strong>esset</strong></span> 
     </span>
     <span class='ocr_line' id='line_1_7' title="bbox 282 937 1454 1024; baseline -0.007 -11"><span class='ocrx_word' id='word_1_46' title='bbox 282 948 468 1014; x_wconf 86' lang='lat' dir='ltr'><strong>carminibus</strong></span> <span class='ocrx_word' id='word_1_47' title='bbox 501 966 562 1012; x_wconf 92' lang='lat' dir='ltr'><strong>non</strong></span> <span class='ocrx_word' id='word_1_48' title='bbox 596 945 750 1024; x_wconf 66' lang='lat' dir='ltr'><strong>effuderit</strong></span> <span class='ocrx_word' id='word_1_49' title='bbox 796 952 935 1012; x_wconf 81' lang='lat' dir='ltr'><strong>attamen</strong></span> <span class='ocrx_word' id='word_1_50' title='bbox 985 937 1133 1012; x_wconf 87' lang='lat' dir='ltr'><strong>&#39;audacius</strong></span> <span class='ocrx_word' id='word_1_51' title='bbox 1174 947 1273 1012; x_wconf 91' lang='lat' dir='ltr'><strong>mihi</strong></span> <span class='ocrx_word' id='word_1_52' title='bbox 1315 945 1454 1010; x_wconf 90' lang='lat' dir='ltr'><strong>videtur</strong></span> 
     </span>
     <span class='ocr_line' id='line_1_8' title="bbox 282 1050 1449 1132; baseline -0.006 -16"><span class='ocrx_word' id='word_1_53' title='bbox 282 1071 320 1116; x_wconf 88' lang='lat' dir='ltr'><strong>ex</strong></span> <span class='ocrx_word' id='word_1_54' title='bbox 342 1051 400 1116; x_wconf 89' lang='lat' dir='ltr'><strong>hoc</strong></span> <span class='ocrx_word' id='word_1_55' title='bbox 423 1050 544 1115; x_wconf 90' lang='lat' dir='ltr'><strong>silentio</strong></span> <span class='ocrx_word' id='word_1_56' title='bbox 573 1050 716 1131; x_wconf 90' lang='lat' dir='ltr'><strong>colligere</strong></span> <span class='ocrx_word' id='word_1_57' title='bbox 755 1051 985 1115; x_wconf 79' lang='lat' dir='ltr'><strong>matrimonium</strong></span> <span class='ocrx_word' id='word_1_58' title='bbox 1019 1070 1075 1130; x_wconf 90' lang='lat' dir='ltr'><strong>per</strong></span> <span class='ocrx_word' id='word_1_59' title='bbox 1111 1056 1257 1132; x_wconf 87' lang='lat' dir='ltr'><strong>tempus</strong></span> <span class='ocrx_word' id='word_1_60' title='bbox 1306 1065 1449 1116; x_wconf 78' lang='lat' dir='ltr'><strong>consue</strong></span> 
     </span>
     <span class='ocr_line' id='line_1_9' title="bbox 281 1137 1445 1222; baseline -0.006 -3"><span class='ocrx_word' id='word_1_61' title='bbox 281 1155 397 1220; x_wconf 88' lang='lat' dir='ltr'><strong>tudinis</strong></span> <span class='ocrx_word' id='word_1_62' title='bbox 420 1153 527 1217; x_wconf 84' lang='lat' dir='ltr'><strong>Deliae</strong></span> <span class='ocrx_word' id='word_1_63' title='bbox 551 1158 583 1217; x_wconf 89' lang='lat' dir='ltr'><strong>et</strong></span> <span class='ocrx_word' id='word_1_64' title='bbox 604 1152 716 1222; x_wconf 86' lang='lat' dir='ltr'><strong>Tibulli</strong></span> <span class='ocrx_word' id='word_1_65' title='bbox 738 1152 777 1217; x_wconf 92' lang='lat' dir='ltr'><strong>ab</strong></span> <span class='ocrx_word' id='word_1_66' title='bbox 799 1153 852 1218; x_wconf 92' lang='lat' dir='ltr'><strong>illa</strong></span> <span class='ocrx_word' id='word_1_67' title='bbox 874 1137 985 1217; x_wconf 88' lang='lat' dir='ltr'><strong>initum</strong></span> <span class='ocrx_word' id='word_1_68' title='bbox 1006 1173 1067 1218; x_wconf 92' lang='lat' dir='ltr'><strong>non</strong></span> <span class='ocrx_word' id='word_1_69' title='bbox 1098 1173 1168 1218; x_wconf 83' lang='lat' dir='ltr'><strong>esse</strong></span> <span class='ocrx_word' id='word_1_70' title='bbox 1209 1154 1283 1218; x_wconf 89' lang='lat' dir='ltr'><strong>sed</strong></span> <span class='ocrx_word' id='word_1_71' title='bbox 1328 1167 1445 1217; x_wconf 85' lang='lat' dir='ltr'><strong>omnes</strong></span> 
     </span>
     <span class='ocr_line' id='line_1_10' title="bbox 283 1254 1442 1348; baseline -0.006 -25"><span class='ocrx_word' id='word_1_72' title='bbox 283 1258 398 1339; x_wconf 84' lang='lat' dir='ltr'><strong>elegias</strong></span> <span class='ocrx_word' id='word_1_73' title='bbox 421 1256 528 1322; x_wconf 86' lang='lat' dir='ltr'><strong>Deliae</strong></span> <span class='ocrx_word' id='word_1_74' title='bbox 550 1256 613 1320; x_wconf 90' lang='lat' dir='ltr'><strong>iam</strong></span> <span class='ocrx_word' id='word_1_75' title='bbox 634 1260 750 1335; x_wconf 86' lang='lat' dir='ltr'><strong>nuptae</strong></span> <span class='ocrx_word' id='word_1_76' title='bbox 779 1256 959 1320; x_wconf 89' lang='lat' dir='ltr'><strong>tribuendas</strong></span> <span class='ocrx_word' id='word_1_77' title='bbox 996 1274 1075 1348; x_wconf 86' lang='lat' dir='ltr'><strong>esse,</strong></span> <span class='ocrx_word' id='word_1_78' title='bbox 1110 1276 1179 1320; x_wconf 92' lang='lat' dir='ltr'><strong>cum</strong></span> <span class='ocrx_word' id='word_1_79' title='bbox 1226 1254 1442 1338; x_wconf 86' lang='lat' dir='ltr'><strong>praesertim</strong></span> 
     </span>
     <span class='ocr_line' id='line_1_11' title="bbox 283 1343 1441 1441; baseline -0.006 -16"><span class='ocrx_word' id='word_1_80' title='bbox 283 1365 331 1426; x_wconf 88' lang='lat' dir='ltr'><strong>tot</strong></span> <span class='ocrx_word' id='word_1_81' title='bbox 353 1365 522 1441; x_wconf 85' lang='lat' dir='ltr'><strong>tantaeque</strong></span> <span class='ocrx_word' id='word_1_82' title='bbox 544 1378 594 1423; x_wconf 89' lang='lat' dir='ltr'><strong>res</strong></span> <span class='ocrx_word' id='word_1_83' title='bbox 618 1359 646 1422; x_wconf 95' lang='lat' dir='ltr'><strong>ei</strong></span> <span class='ocrx_word' id='word_1_84' title='bbox 669 1343 843 1422; x_wconf 85' lang='lat' dir='ltr'><strong>sententiae</strong></span> <span class='ocrx_word' id='word_1_85' title='bbox 875 1358 1002 1426; x_wconf 86' lang='lat' dir='ltr'><strong>faveant</strong></span> <span class='ocrx_word' id='word_1_86' title='bbox 1024 1379 1086 1440; x_wconf 88' lang='lat' dir='ltr'><strong>qua</strong></span> <span class='ocrx_word' id='word_1_87' title='bbox 1114 1367 1284 1440; x_wconf 88' lang='lat' dir='ltr'><strong>putamus</strong></span> <span class='ocrx_word' id='word_1_88' title='bbox 1314 1357 1441 1440; x_wconf 83' lang='lat' dir='ltr'><strong>elegias</strong></span> 
     </span>
     <span class='ocr_line' id='line_1_12' title="bbox 286 1462 1437 1545; baseline -0.003 -17"><span class='ocrx_word' id='word_1_89' title='bbox 286 1468 313 1529; x_wconf 89' lang='grc'><strong>1.</strong></span> <span class='ocrx_word' id='word_1_90' title='bbox 338 1464 365 1528; x_wconf 88' lang='lat'><strong>3.</strong></span> <span class='ocrx_word' id='word_1_91' title='bbox 403 1462 632 1545; x_wconf 81' lang='lat' dir='ltr'><strong>beompositos</strong></span> <span class='ocrx_word' id='word_1_92' title='bbox 655 1481 724 1526; x_wconf 87' lang='lat' dir='ltr'><strong>esse</strong></span> <span class='ocrx_word' id='word_1_93' title='bbox 748 1480 815 1525; x_wconf 94' lang='lat' dir='ltr'><strong>cum</strong></span> <span class='ocrx_word' id='word_1_94' title='bbox 853 1463 943 1540; x_wconf 90' lang='lat' dir='ltr'><strong>Delia</strong></span> <span class='ocrx_word' id='word_1_95' title='bbox 976 1463 1139 1528; x_wconf 84' lang='lat' dir='ltr'><strong>etiamtum</strong></span> <span class='ocrx_word' id='word_1_96' title='bbox 1176 1465 1293 1529; x_wconf 88' lang='lat' dir='ltr'><strong>vidua</strong></span> <span class='ocrx_word' id='word_1_97' title='bbox 1339 1463 1437 1527; x_wconf 87' lang='lat' dir='ltr'><strong>esset.</strong></span> 
     </span>
     <span class='ocr_line' id='line_1_13' title="bbox 283 1563 1435 1651; baseline -0.004 -20"><span class='ocrx_word' id='word_1_98' title='bbox 283 1568 351 1632; x_wconf 89' lang='lat' dir='ltr'><strong>Hac</strong></span> <span class='ocrx_word' id='word_1_99' title='bbox 384 1565 479 1648; x_wconf 88' lang='lat' dir='ltr'><strong>igitur</strong></span> <span class='ocrx_word' id='word_1_100' title='bbox 518 1565 660 1645; x_wconf 90' lang='lat' dir='ltr'><strong>opinione</strong></span> <span class='ocrx_word' id='word_1_101' title='bbox 676 1591 679 1600; x_wconf 95' lang='lat'>·</span> <span class='ocrx_word' id='word_1_102' title='bbox 697 1566 843 1630; x_wconf 88' lang='lat' dir='ltr'><strong>seductus</strong></span> <span class='ocrx_word' id='word_1_103' title='bbox 879 1566 1043 1630; x_wconf 91' lang='lat' dir='ltr'><strong>Richterus</strong></span> <span class='ocrx_word' id='word_1_104' title='bbox 1079 1566 1110 1631; x_wconf 93' lang='lat' dir='ltr'><strong>in</strong></span> <span class='ocrx_word' id='word_1_105' title='bbox 1148 1566 1368 1651; x_wconf 85' lang='lat' dir='ltr'><strong>carminibus</strong></span> <span class='ocrx_word' id='word_1_106' title='bbox 1408 1563 1435 1626; x_wconf 89' lang='lat' dir='ltr'><strong>in</strong></span> 
     </span>
     <span class='ocr_line' id='line_1_14' title="bbox 283 1667 1437 1756; baseline -0.005 -22"><span class='ocrx_word' id='word_1_107' title='bbox 283 1670 405 1734; x_wconf 89' lang='lat' dir='ltr'><strong>Deliam</strong></span> <span class='ocrx_word' id='word_1_108' title='bbox 432 1668 554 1748; x_wconf 89' lang='lat' dir='ltr'><strong>scriptis</strong></span> <span class='ocrx_word' id='word_1_109' title='bbox 594 1667 802 1733; x_wconf 88' lang='lat' dir='ltr'><strong>subodoratus</strong></span> <span class='ocrx_word' id='word_1_110' title='bbox 840 1673 889 1733; x_wconf 87' lang='lat' dir='ltr'><strong>est</strong></span> <span class='ocrx_word' id='word_1_111' title='bbox 925 1669 1057 1751; x_wconf 89' lang='lat' dir='ltr'><strong>coniugii</strong></span> <span class='ocrx_word' id='word_1_112' title='bbox 1094 1669 1230 1756; x_wconf 84' lang='lat' dir='ltr'><strong>vestigia</strong></span> <span class='ocrx_word' id='word_1_113' title='bbox 1278 1669 1344 1734; x_wconf 93' lang='lat' dir='ltr'><strong>ubi</strong></span> <span class='ocrx_word' id='word_1_114' title='bbox 1386 1683 1437 1731; x_wconf 94' lang='lat' dir='ltr'><strong>me</strong></span> 
     </span>
     <span class='ocr_line' id='line_1_15' title="bbox 285 1771 1433 1856; baseline -0.003 -18"><span class='ocrx_word' id='word_1_115' title='bbox 285 1773 410 1856; x_wconf 90' lang='lat' dir='ltr'><strong>quidem</strong></span> <span class='ocrx_word' id='word_1_116' title='bbox 433 1772 532 1838; x_wconf 90' lang='lat' dir='ltr'><strong>iudice</strong></span> <span class='ocrx_word' id='word_1_117' title='bbox 548 1772 640 1852; x_wconf 91' lang='lat' dir='ltr'><strong>plane</strong></span> <span class='ocrx_word' id='word_1_118' title='bbox 662 1771 747 1836; x_wconf 89' lang='lat' dir='ltr'><strong>nulla</strong></span> <span class='ocrx_word' id='word_1_119' title='bbox 757 1772 964 1838; x_wconf 89' lang='lat' dir='ltr'><strong>inveniuntur.</strong></span> <span class='ocrx_word' id='word_1_120' title='bbox 1008 1772 1132 1837; x_wconf 88' lang='lat' dir='ltr'><strong>Tertiae</strong></span> <span class='ocrx_word' id='word_1_121' title='bbox 1144 1773 1282 1853; x_wconf 89' lang='lat' dir='ltr'><strong>quidem</strong></span> <span class='ocrx_word' id='word_1_122' title='bbox 1302 1771 1433 1854; x_wconf 78' lang='lat' dir='ltr'><strong>elegiae</strong></span> 
     </span>
     <span class='ocr_line' id='line_1_16' title="bbox 284 1874 1434 1956; baseline -0.003 -15"><span class='ocrx_word' id='word_1_123' title='bbox 284 1875 421 1950; x_wconf 88' lang='lat' dir='ltr'><strong>dubitari</strong></span> <span class='ocrx_word' id='word_1_124' title='bbox 443 1895 504 1946; x_wconf 91' lang='lat' dir='ltr'><strong>non</strong></span> <span class='ocrx_word' id='word_1_125' title='bbox 525 1877 631 1956; x_wconf 87' lang='lat' dir='ltr'><strong>potest</strong></span> <span class='ocrx_word' id='word_1_126' title='bbox 653 1874 727 1955; x_wconf 92' lang='lat' dir='ltr'><strong>quin</strong></span> <span class='ocrx_word' id='word_1_127' title='bbox 749 1875 797 1939; x_wconf 88' lang='lat' dir='ltr'><strong>vir</strong></span> <span class='ocrx_word' id='word_1_128' title='bbox 818 1875 847 1940; x_wconf 92' lang='lat' dir='ltr'><strong>d.</strong></span> <span class='ocrx_word' id='word_1_129' title='bbox 871 1875 934 1939; x_wconf 87' lang='lat' dir='ltr'><strong>vim</strong></span> <span class='ocrx_word' id='word_1_130' title='bbox 956 1875 1098 1939; x_wconf 89' lang='lat' dir='ltr'><strong>attulerit</strong></span> <span class='ocrx_word' id='word_1_131' title='bbox 1125 1893 1163 1939; x_wconf 85' lang='lat' dir='ltr'><strong>ex</strong></span> <span class='ocrx_word' id='word_1_132' title='bbox 1190 1894 1229 1940; x_wconf 88' lang='lat' dir='ltr'><strong>ea</strong></span> <span class='ocrx_word' id='word_1_133' title='bbox 1254 1877 1350 1942; x_wconf 91' lang='lat' dir='ltr'><strong>satis</strong></span> <span class='ocrx_word' id='word_1_134' title='bbox 1378 1892 1434 1939; x_wconf 90' lang='lat' dir='ltr'><strong>va-</strong></span> 
     </span>
     <span class='ocr_line' id='line_1_17' title="bbox 284 1976 1429 2061; baseline -0.001 -17"><span class='ocrx_word' id='word_1_135' title='bbox 284 1980 348 2044; x_wconf 88' lang='lat' dir='ltr'><strong>lida</strong></span> <span class='ocrx_word' id='word_1_136' title='bbox 371 1982 555 2061; x_wconf 88' lang='lat' dir='ltr'><strong>argumenta</strong></span> <span class='ocrx_word' id='word_1_137' title='bbox 577 1976 776 2058; x_wconf 88' lang='lat' dir='ltr'><strong>quaesiturus</strong></span> <span class='ocrx_word' id='word_1_138' title='bbox 800 1977 911 2059; x_wconf 87' lang='lat' dir='ltr'><strong>quibus</strong></span> <span class='ocrx_word' id='word_1_139' title='bbox 927 1979 1113 2043; x_wconf 89' lang='lat' dir='ltr'><strong>sententiam</strong></span> <span class='ocrx_word' id='word_1_140' title='bbox 1126 1997 1215 2043; x_wconf 91' lang='lat' dir='ltr'><strong>suam</strong></span> <span class='ocrx_word' id='word_1_141' title='bbox 1240 1979 1429 2046; x_wconf 87' lang='lat' dir='ltr'><strong>stabiliret.</strong></span> 
     </span>
     <span class='ocr_line' id='line_1_18' title="bbox 284 2079 1430 2162; baseline -0.003 -15"><span class='ocrx_word' id='word_1_142' title='bbox 284 2083 326 2148; x_wconf 85' lang='lat' dir='ltr'><strong>Et</strong></span> <span class='ocrx_word' id='word_1_143' title='bbox 348 2087 432 2147; x_wconf 90' lang='lat' dir='ltr'><strong>reete</strong></span> <span class='ocrx_word' id='word_1_144' title='bbox 465 2081 585 2146; x_wconf 91' lang='lat' dir='ltr'><strong>monuit</strong></span> <span class='ocrx_word' id='word_1_145' title='bbox 607 2079 633 2145; x_wconf 92' lang='grc' dir='ltr'>Ο</span> <span class='ocrx_word' id='word_1_146' title='bbox 656 2080 871 2155; x_wconf 76' lang='lat' dir='ltr'><strong>Ribbeeldusll</strong></span> <span class='ocrx_word' id='word_1_147' title='bbox 909 2099 1111 2162; x_wconf 88' lang='lat' dir='ltr'><strong>quaecunque</strong></span> <span class='ocrx_word' id='word_1_148' title='bbox 1148 2087 1244 2162; x_wconf 88' lang='lat' dir='ltr'><strong>poeta</strong></span> <span class='ocrx_word' id='word_1_149' title='bbox 1287 2084 1324 2148; x_wconf 90' lang='lat' dir='ltr'><strong>in</strong></span> <span class='ocrx_word' id='word_1_150' title='bbox 1367 2082 1430 2146; x_wconf 88' lang='lat' dir='ltr'><strong>hoo</strong></span> 
     </span>
     <span class='ocr_line' id='line_1_19' title="bbox 284 2182 1425 2266; baseline -0.004 -15"><span class='ocrx_word' id='word_1_151' title='bbox 284 2185 378 2251; x_wconf 88' lang='lat' dir='ltr'><strong>tertio</strong></span> <span class='ocrx_word' id='word_1_152' title='bbox 401 2185 535 2250; x_wconf 83' lang='lat' dir='ltr'><strong>carmine</strong></span> <span class='ocrx_word' id='word_1_153' title='bbox 557 2184 596 2248; x_wconf 92' lang='lat' dir='ltr'><strong>de</strong></span> <span class='ocrx_word' id='word_1_154' title='bbox 619 2203 760 2249; x_wconf 89' lang='lat' dir='ltr'><strong>maerore</strong></span> <span class='ocrx_word' id='word_1_155' title='bbox 787 2183 909 2265; x_wconf 86' lang='lat' dir='ltr'><strong>puellae</strong></span> <span class='ocrx_word' id='word_1_156' title='bbox 933 2203 994 2266; x_wconf 92' lang='lat' dir='ltr'><strong>quo</strong></span> <span class='ocrx_word' id='word_1_157' title='bbox 1032 2202 1066 2249; x_wconf 90' lang='lat' dir='ltr'><strong>se</strong></span> <span class='ocrx_word' id='word_1_158' title='bbox 1087 2182 1313 2265; x_wconf 85' lang='lat' dir='ltr'><strong>proficiscente</strong></span> <span class='ocrx_word' id='word_1_159' title='bbox 1355 2202 1425 2250; x_wconf 89' lang='lat' dir='ltr'><strong>cor-</strong></span> 
     </span>
     <span class='ocr_line' id='line_1_20' title="bbox 284 2286 1426 2370; baseline -0.001 -18"><span class='ocrx_word' id='word_1_160' title='bbox 284 2293 375 2370; x_wconf 84' lang='lat' dir='ltr'><strong>repta</strong></span> <span class='ocrx_word' id='word_1_161' title='bbox 417 2292 486 2352; x_wconf 86' lang='lat' dir='ltr'><strong>erat</strong></span> <span class='ocrx_word' id='word_1_162' title='bbox 535 2287 635 2368; x_wconf 89' lang='lat' dir='ltr'><strong>deque</strong></span> <span class='ocrx_word' id='word_1_163' title='bbox 683 2287 749 2352; x_wconf 90' lang='lat' dir='ltr'><strong>eius</strong></span> <span class='ocrx_word' id='word_1_164' title='bbox 787 2286 940 2351; x_wconf 84' lang='lat' dir='ltr'><strong>desiderio</strong></span> <span class='ocrx_word' id='word_1_165' title='bbox 978 2305 1040 2369; x_wconf 91' lang='lat' dir='ltr'><strong>quo</strong></span> <span class='ocrx_word' id='word_1_166' title='bbox 1078 2293 1234 2354; x_wconf 88' lang='lat' dir='ltr'><strong>commota</strong></span> <span class='ocrx_word' id='word_1_167' title='bbox 1271 2290 1426 2356; x_wconf 92' lang='lat' dir='ltr'><strong>reditum</strong></span> 
     </span>
     <span class='ocr_line' id='line_1_21' title="bbox 284 2389 1421 2474; baseline -0.003 -18"><span class='ocrx_word' id='word_1_168' title='bbox 284 2395 379 2473; x_wconf 90' lang='lat' dir='ltr'><strong>poeta</strong></span> <span class='ocrx_word' id='word_1_169' title='bbox 401 2390 595 2472; x_wconf 73' lang='lat' dir='ltr'><strong>expectabat,</strong></span> <span class='ocrx_word' id='word_1_170' title='bbox 619 2391 704 2454; x_wconf 90' lang='lat' dir='ltr'><strong>etin</strong></span> <span class='ocrx_word' id='word_1_171' title='bbox 726 2390 825 2471; x_wconf 90' lang='lat' dir='ltr'><strong>primo</strong></span> <span class='ocrx_word' id='word_1_172' title='bbox 839 2389 973 2454; x_wconf 87' lang='lat' dir='ltr'><strong>carmine</strong></span> <span class='ocrx_word' id='word_1_173' title='bbox 996 2390 1035 2454; x_wconf 91' lang='lat' dir='ltr'><strong>de</strong></span> <span class='ocrx_word' id='word_1_174' title='bbox 1057 2389 1165 2455; x_wconf 89' lang='lat' dir='ltr'><strong>funere</strong></span> <span class='ocrx_word' id='word_1_175' title='bbox 1178 2411 1234 2457; x_wconf 90' lang='lat' dir='ltr'><strong>suo</strong></span> <span class='ocrx_word' id='word_1_176' title='bbox 1264 2395 1299 2458; x_wconf 93' lang='lat' dir='ltr'><strong>in</strong></span> <span class='ocrx_word' id='word_1_177' title='bbox 1326 2391 1421 2474; x_wconf 90' lang='lat' dir='ltr'><strong>qnin-</strong></span> 
     </span>
     <span class='ocr_line' id='line_1_22' title="bbox 285 2488 1419 2576; baseline -0.004 -16"><span class='ocrx_word' id='word_1_178' title='bbox 285 2501 381 2576; x_wconf 90' lang='lat' dir='ltr'><strong>toque</strong></span> <span class='ocrx_word' id='word_1_179' title='bbox 404 2495 443 2559; x_wconf 93' lang='lat' dir='ltr'><strong>de</strong></span> <span class='ocrx_word' id='word_1_180' title='bbox 466 2494 531 2559; x_wconf 90' lang='lat' dir='ltr'><strong>vita</strong></span> <span class='ocrx_word' id='word_1_181' title='bbox 552 2493 668 2558; x_wconf 87' lang='lat' dir='ltr'><strong>rustica</strong></span> <span class='ocrx_word' id='word_1_182' title='bbox 692 2512 761 2558; x_wconf 89' lang='lat' dir='ltr'><strong>eum</strong></span> <span class='ocrx_word' id='word_1_183' title='bbox 776 2493 866 2558; x_wconf 90' lang='lat' dir='ltr'><strong>Delia</strong></span> <span class='ocrx_word' id='word_1_184' title='bbox 888 2493 946 2557; x_wconf 92' lang='lat' dir='ltr'><strong>sibi</strong></span> <span class='ocrx_word' id='word_1_185' title='bbox 973 2488 1115 2574; x_wconf 87' lang='lat' dir='ltr'><strong>degenda</strong></span> <span class='ocrx_word' id='word_1_186' title='bbox 1138 2498 1419 2570; x_wconf 74' lang='lat' dir='ltr'><strong>commemoraret,</strong></span> 
     </span>
     <span class='ocr_line' id='line_1_23' title="bbox 285 2593 1419 2686; baseline -0.005 -22"><span class='ocrx_word' id='word_1_187' title='bbox 285 2618 323 2664; x_wconf 88' lang='lat' dir='ltr'><strong>ea</strong></span> <span class='ocrx_word' id='word_1_188' title='bbox 345 2597 448 2664; x_wconf 89' lang='lat' dir='ltr'><strong>omnia</strong></span> <span class='ocrx_word' id='word_1_189' title='bbox 470 2598 548 2663; x_wconf 87' lang='lat' dir='ltr'><strong>adeo</strong></span> <span class='ocrx_word' id='word_1_190' title='bbox 570 2616 632 2661; x_wconf 93' lang='lat' dir='ltr'><strong>non</strong></span> <span class='ocrx_word' id='word_1_191' title='bbox 654 2601 770 2676; x_wconf 87' lang='lat' dir='ltr'><strong>nuptae</strong></span> <span class='ocrx_word' id='word_1_192' title='bbox 793 2593 925 2660; x_wconf 85' lang='lat' dir='ltr'><strong>feminae</strong></span> <span class='ocrx_word' id='word_1_193' title='bbox 955 2597 1116 2662; x_wconf 88' lang='lat' dir='ltr'><strong>convenire</strong></span> <span class='ocrx_word' id='word_1_194' title='bbox 1149 2603 1194 2672; x_wconf 87' lang='lat' dir='ltr'><strong>ut·</strong></span> <span class='ocrx_word' id='word_1_195' title='bbox 1218 2599 1320 2680; x_wconf 87' lang='lat' dir='ltr'><strong>siquis</strong></span> <span class='ocrx_word' id='word_1_196' title='bbox 1341 2598 1419 2686; x_wconf 32' lang='lat' dir='ltr'><strong>&#39;hoc</strong></span> 
     </span>
     <span class='ocr_line' id='line_1_24' title="bbox 286 2684 1417 2783; baseline -0.004 -17"><span class='ocrx_word' id='word_1_197' title='bbox 286 2701 487 2767; x_wconf 90' lang='lat' dir='ltr'><strong>contenderet</strong></span> <span class='ocrx_word' id='word_1_198' title='bbox 508 2701 535 2765; x_wconf 89' lang='lat' dir='ltr'><strong>is</strong></span> <span class='ocrx_word' id='word_1_199' title='bbox 558 2717 592 2765; x_wconf 89' lang='lat' dir='ltr'><strong>se</strong></span> <span class='ocrx_word' id='word_1_200' title='bbox 620 2699 687 2780; x_wconf 87' lang='lat' dir='ltr'><strong>ipso</strong></span> <span class='ocrx_word' id='word_1_201' title='bbox 720 2696 882 2765; x_wconf 88' lang='lat' dir='ltr'><strong>fraudaret</strong></span> <span class='ocrx_word' id='word_1_202' title='bbox 912 2700 952 2762; x_wconf 94' lang='lat' dir='ltr'><strong>de</strong></span> <span class='ocrx_word' id='word_1_203' title='bbox 985 2684 1156 2780; x_wconf 84' lang='lat' dir='ltr'><strong>voluptate</strong></span> <span class='ocrx_word' id='word_1_204' title='bbox 1180 2702 1253 2782; x_wconf 92' lang='lat' dir='ltr'><strong>quid</strong></span> <span class='ocrx_word' id='word_1_205' title='bbox 1286 2697 1417 2783; x_wconf 88' lang='lat' dir='ltr'><strong>pulchri</strong></span> 
     </span>
     <span class='ocr_line' id='line_1_25' title="bbox 285 2802 1414 2890; baseline -0.004 -22"><span class='ocrx_word' id='word_1_206' title='bbox 285 2804 401 2868; x_wconf 87' lang='lat' dir='ltr'><strong>inesset</strong></span> <span class='ocrx_word' id='word_1_207' title='bbox 423 2803 454 2867; x_wconf 90' lang='lat' dir='ltr'><strong>in</strong></span> <span class='ocrx_word' id='word_1_208' title='bbox 487 2803 546 2882; x_wconf 88' lang='lat' dir='ltr'><strong>illis</strong></span> <span class='ocrx_word' id='word_1_209' title='bbox 574 2802 761 2868; x_wconf 88' lang='lat' dir='ltr'><strong>carminibus</strong></span> <span class='ocrx_word' id='word_1_210' title='bbox 799 2802 900 2866; x_wconf 90' lang='lat' dir='ltr'><strong>animo</strong></span> <span class='ocrx_word' id='word_1_211' title='bbox 938 2807 1022 2866; x_wconf 90' lang='lat' dir='ltr'><strong>recte</strong></span> <span class='ocrx_word' id='word_1_212' title='bbox 1059 2804 1257 2884; x_wconf 86' lang='lat' dir='ltr'><strong>percipiendi.</strong></span> <span class='ocrx_word' id='word_1_213' title='bbox 1303 2806 1414 2890; x_wconf 82' lang='lat' dir='ltr'><strong>Atque</strong></span> 
     </span>
     <span class='ocr_line' id='line_1_26' title="bbox 286 2891 1414 2988; baseline -0.003 -17"><span class='ocrx_word' id='word_1_214' title='bbox 286 2907 432 2988; x_wconf 89' lang='lat' dir='ltr'><strong>equidem</strong></span> <span class='ocrx_word' id='word_1_215' title='bbox 445 2907 644 2971; x_wconf 84' lang='lat' dir='ltr'><strong>vehementer</strong></span> <span class='ocrx_word' id='word_1_216' title='bbox 667 2905 774 2970; x_wconf 89' lang='lat' dir='ltr'><strong>dubito</strong></span> <span class='ocrx_word' id='word_1_217' title='bbox 786 2925 860 2969; x_wconf 91' lang='lat' dir='ltr'><strong>num</strong></span> <span class='ocrx_word' id='word_1_218' title='bbox 882 2905 1019 2970; x_wconf 90' lang='lat' dir='ltr'><strong>Richteri</strong></span> <span class='ocrx_word' id='word_1_219' title='bbox 1035 2891 1241 2972; x_wconf 82' lang='lat' dir='ltr'><strong>sententialis</strong></span> <span class='ocrx_word' id='word_1_220' title='bbox 1264 2907 1414 2974; x_wconf 90' lang='lat' dir='ltr'><strong>versibus</strong></span> 
     </span>
     <span class='ocr_line' id='line_1_27' title="bbox 287 3007 1411 3096; baseline -0.001 -22"><span class='ocrx_word' id='word_1_221' title='bbox 287 3011 340 3092; x_wconf 93' lang='lat' dir='ltr'><strong>qui</strong></span> <span class='ocrx_word' id='word_1_222' title='bbox 364 3010 510 3096; x_wconf 87' lang='lat' dir='ltr'><strong>leguntur</strong></span> <span class='ocrx_word' id='word_1_223' title='bbox 535 3012 562 3089; x_wconf 79' lang='grc'><strong>1,</strong></span> <span class='ocrx_word' id='word_1_224' title='bbox 587 3011 635 3074; x_wconf 86' lang='lat'><strong>55.</strong></span> <span class='ocrx_word' id='word_1_225' title='bbox 660 3011 707 3074; x_wconf 84' lang='lat'><strong>56.</strong></span> <span class='ocrx_word' id='word_1_226' title='bbox 730 3007 762 3088; x_wconf 77' lang='grc'><strong>’6,</strong></span> <span class='ocrx_word' id='word_1_227' title='bbox 787 3011 901 3074; x_wconf 85' lang='grc'><strong>9-14.</strong></span> <span class='ocrx_word' id='word_1_228' title='bbox 926 3009 1058 3073; x_wconf 83' lang='grc'>59-64.</span> <span class='ocrx_word' id='word_1_229' title='bbox 1086 3011 1212 3075; x_wconf 80' lang='lat'>31-—32</span> <span class='ocrx_word' id='word_1_230' title='bbox 1235 3011 1312 3075; x_wconf 88' lang='lat' dir='ltr'><strong>satis</strong></span> <span class='ocrx_word' id='word_1_231' title='bbox 1338 3028 1411 3076; x_wconf 92' lang='lat' dir='ltr'><strong>con-</strong></span> 
     </span>
     <span class='ocr_line' id='line_1_28' title="bbox 286 3111 1410 3206; baseline -0.004 -27"><span class='ocrx_word' id='word_1_232' title='bbox 286 3113 437 3180; x_wconf 88' lang='lat' dir='ltr'><strong>firmetur.</strong></span> <span class='ocrx_word' id='word_1_233' title='bbox 482 3113 563 3177; x_wconf 88' lang='lat' dir='ltr'><strong>Nam</strong></span> <span class='ocrx_word' id='word_1_234' title='bbox 587 3119 743 3193; x_wconf 89' lang='lat' dir='ltr'><strong>eosquos</strong></span> <span class='ocrx_word' id='word_1_235' title='bbox 772 3130 809 3175; x_wconf 88' lang='lat' dir='ltr'><strong>ex</strong></span> <span class='ocrx_word' id='word_1_236' title='bbox 831 3111 931 3192; x_wconf 93' lang='lat' dir='ltr'><strong>primo</strong></span> <span class='ocrx_word' id='word_1_237' title='bbox 955 3112 1088 3206; x_wconf 87' lang='lat' dir='ltr'><strong>carmine</strong></span> <span class='ocrx_word' id='word_1_238' title='bbox 1121 3114 1247 3194; x_wconf 87' lang='lat' dir='ltr'><strong>repetiit</strong></span> <span class='ocrx_word' id='word_1_239' title='bbox 1280 3134 1298 3178; x_wconf 89' lang='lat' dir='ltr'><strong>a</strong></span> <span class='ocrx_word' id='word_1_240' title='bbox 1332 3113 1410 3179; x_wconf 88' lang='lat' dir='ltr'><strong>viris</strong></span> 
     </span>
     <span class='ocr_line' id='line_1_29' title="bbox 285 3214 1476 3296; baseline -0.002 -14"><span class='ocrx_word' id='word_1_241' title='bbox 285 3217 313 3282; x_wconf 91' lang='lat' dir='ltr'><strong>d.</strong></span> <span class='ocrx_word' id='word_1_242' title='bbox 338 3217 418 3282; x_wconf 89' lang='lat' dir='ltr'><strong>male</strong></span> <span class='ocrx_word' id='word_1_243' title='bbox 440 3215 613 3280; x_wconf 88' lang='lat' dir='ltr'><strong>intellectos</strong></span> <span class='ocrx_word' id='word_1_244' title='bbox 637 3233 705 3279; x_wconf 88' lang='lat' dir='ltr'><strong>esse</strong></span> <span class='ocrx_word' id='word_1_245' title='bbox 735 3214 797 3278; x_wconf 89' lang='lat' dir='ltr'><strong>iam</strong></span> <span class='ocrx_word' id='word_1_246' title='bbox 834 3233 929 3294; x_wconf 85' lang='lat' dir='ltr'><strong>supra</strong></span> <span class='ocrx_word' id='word_1_247' title='bbox 962 3215 1136 3295; x_wconf 83' lang='lat' dir='ltr'><strong>docuimus3</strong></span> <span class='ocrx_word' id='word_1_248' title='bbox 1175 3223 1269 3296; x_wconf 84' lang='lat' dir='ltr'><strong>atquc</strong></span> <span class='ocrx_word' id='word_1_249' title='bbox 1306 3222 1409 3282; x_wconf 89' lang='lat' dir='ltr'><strong>totam</strong></span> <span class='ocrx_word' id='word_1_250' title='bbox 1473 3262 1476 3268; x_wconf 82' lang='lat'><em>-</em></span> 
     </span>
     <span class='ocr_line' id='line_1_30' title="bbox 287 3318 1411 3402; baseline -0.003 -17"><span class='ocrx_word' id='word_1_251' title='bbox 287 3321 419 3402; x_wconf 87' lang='lat' dir='ltr'><strong>elegiam</strong></span> <span class='ocrx_word' id='word_1_252' title='bbox 442 3324 562 3398; x_wconf 86' lang='lat' dir='ltr'><strong>sextam</strong></span> <span class='ocrx_word' id='word_1_253' title='bbox 585 3318 616 3382; x_wconf 94' lang='lat' dir='ltr'><strong>id</strong></span> <span class='ocrx_word' id='word_1_254' title='bbox 640 3323 763 3398; x_wconf 88' lang='lat' dir='ltr'><strong>tempus</strong></span> <span class='ocrx_word' id='word_1_255' title='bbox 798 3322 939 3397; x_wconf 86' lang='lat' dir='ltr'><strong>spectare</strong></span> <span class='ocrx_word' id='word_1_256' title='bbox 978 3337 1039 3399; x_wconf 94' lang='lat' dir='ltr'><strong>quo</strong></span> <span class='ocrx_word' id='word_1_257' title='bbox 1075 3319 1165 3383; x_wconf 88' lang='lat' dir='ltr'><strong>Delia</strong></span> <span class='ocrx_word' id='word_1_258' title='bbox 1202 3325 1300 3399; x_wconf 88' lang='lat' dir='ltr'><strong>nupta</strong></span> <span class='ocrx_word' id='word_1_259' title='bbox 1339 3324 1411 3385; x_wconf 85' lang='lat' dir='ltr'><strong>erat</strong></span> 
     </span>
     <span class='ocr_line' id='line_1_31' title="bbox 287 3420 1268 3514; baseline -0.001 -25"><span class='ocrx_word' id='word_1_260' title='bbox 287 3444 325 3489; x_wconf 87' lang='lat' dir='ltr'><strong>ex</strong></span> <span class='ocrx_word' id='word_1_261' title='bbox 347 3442 385 3489; x_wconf 88' lang='lat' dir='ltr'><strong>ea</strong></span> <span class='ocrx_word' id='word_1_262' title='bbox 406 3423 476 3503; x_wconf 91' lang='lat' dir='ltr'><strong>ipsa</strong></span> <span class='ocrx_word' id='word_1_263' title='bbox 497 3427 594 3502; x_wconf 75' lang='lat' dir='ltr'><strong>patet,</strong></span> <span class='ocrx_word' id='word_1_264' title='bbox 619 3421 703 3502; x_wconf 89' lang='lat' dir='ltr'><strong>quod</strong></span> <span class='ocrx_word' id='word_1_265' title='bbox 725 3420 850 3502; x_wconf 93' lang='lat' dir='ltr'><strong>quidem</strong></span> <span class='ocrx_word' id='word_1_266' title='bbox 872 3420 973 3486; x_wconf 87' lang='lat' dir='ltr'><strong>adhuc</strong></span> <span class='ocrx_word' id='word_1_267' title='bbox 994 3439 1084 3486; x_wconf 91' lang='lat' dir='ltr'><strong>nemo</strong></span> <span class='ocrx_word' id='word_1_268' title='bbox 1108 3421 1268 3514; x_wconf 84' lang='lat' dir='ltr'><strong>dubitavit.</strong></span> 
     </span>
    </p>
   </div>
   <div class='ocr_carea' id='block_1_3' title="bbox 287 3551 1502 4362">
    <p class='ocr_par' dir='ltr' id='par_1_4' title="bbox 287 3551 1502 4362">
     <span class='ocr_line' id='line_1_32' title="bbox 371 3551 1502 3652; baseline -0.002 -27"><span class='ocrx_word' id='word_1_269' title='bbox 371 3559 509 3625; x_wconf 89' lang='lat' dir='ltr'><strong>Richteri</strong></span> <span class='ocrx_word' id='word_1_270' title='bbox 531 3559 561 3623; x_wconf 91' lang='lat' dir='ltr'><strong>in</strong></span> <span class='ocrx_word' id='word_1_271' title='bbox 584 3551 837 3639; x_wconf 56' lang='lat' dir='ltr'><strong>partes&#39;transiit</strong></span> <span class='ocrx_word' id='word_1_272' title='bbox 859 3558 1068 3623; x_wconf 87' lang='lat' dir='ltr'><strong>Baehrensius</strong></span> <span class='ocrx_word' id='word_1_273' title='bbox 1091 3558 1120 3636; x_wconf 80' lang='lat' dir='ltr'><strong>(l.</strong></span> <span class='ocrx_word' id='word_1_274' title='bbox 1146 3559 1185 3642; x_wconf 87' lang='grc' dir='ltr'><strong>θ.)</strong></span> <span class='ocrx_word' id='word_1_275' title='bbox 1209 3553 1257 3623; x_wconf 87' lang='lat' dir='ltr'><strong>c&#39;ui</strong></span> <span class='ocrx_word' id='word_1_276' title='bbox 1280 3560 1407 3640; x_wconf 92' lang='lat' dir='ltr'><strong>quidem</strong></span> <span class='ocrx_word' id='word_1_277' title='bbox 1499 3642 1502 3652; x_wconf 69' lang='lat'>,</span> 
     </span>
     <span class='ocr_line' id='line_1_33' title="bbox 287 3651 1438 3752; baseline 0 -23"><span class='ocrx_word' id='word_1_278' title='bbox 287 3670 320 3729; x_wconf 92' lang='lat' dir='ltr'><strong>et</strong></span> <span class='ocrx_word' id='word_1_279' title='bbox 341 3665 400 3745; x_wconf 92' lang='lat' dir='ltr'><strong>ipsi</strong></span> <span class='ocrx_word' id='word_1_280' title='bbox 423 3663 526 3728; x_wconf 90' lang='lat' dir='ltr'><strong>omnia</strong></span> <span class='ocrx_word' id='word_1_281' title='bbox 547 3662 684 3727; x_wconf 86' lang='lat' dir='ltr'><strong>earmina</strong></span> <span class='ocrx_word' id='word_1_282' title='bbox 705 3661 737 3724; x_wconf 93' lang='lat' dir='ltr'><strong>in</strong></span> <span class='ocrx_word' id='word_1_283' title='bbox 759 3651 880 3726; x_wconf 88' lang='lat' dir='ltr'><strong>Deliam</strong></span> <span class='ocrx_word' id='word_1_284' title='bbox 892 3667 1021 3742; x_wconf 90' lang='lat' dir='ltr'><strong>nuptam</strong></span> <span class='ocrx_word' id='word_1_285' title='bbox 1043 3660 1188 3726; x_wconf 87' lang='lat' dir='ltr'><strong>videntur</strong></span> <span class='ocrx_word' id='word_1_286' title='bbox 1199 3681 1268 3727; x_wconf 87' lang='lat' dir='ltr'><strong>esse</strong></span> <span class='ocrx_word' id='word_1_287' title='bbox 1291 3664 1408 3745; x_wconf 87' lang='lat' dir='ltr'><strong>scripta</strong></span> <span class='ocrx_word' id='word_1_288' title='bbox 1432 3743 1438 3752; x_wconf 39' lang='grc'>,</span> 
     </span>
     <span class='ocr_line' id='line_1_34' title="bbox 288 3749 1408 3847; baseline -0.002 -15"><span class='ocrx_word' id='word_1_289' title='bbox 288 3749 428 3832; x_wconf 86' lang='lat' dir='ltr'><strong>attamen</strong></span> <span class='ocrx_word' id='word_1_290' title='bbox 451 3766 529 3830; x_wconf 88' lang='lat' dir='ltr'><strong>alius</strong></span> <span class='ocrx_word' id='word_1_291' title='bbox 552 3770 646 3845; x_wconf 90' lang='lat' dir='ltr'><strong>atque</strong></span> <span class='ocrx_word' id='word_1_292' title='bbox 676 3764 822 3829; x_wconf 86' lang='lat' dir='ltr'><strong>Richtero</strong></span> <span class='ocrx_word' id='word_1_293' title='bbox 850 3783 957 3829; x_wconf 90' lang='lat' dir='ltr'><strong>eorum</strong></span> <span class='ocrx_word' id='word_1_294' title='bbox 991 3765 1067 3829; x_wconf 93' lang='lat' dir='ltr'><strong>ordo</strong></span> <span class='ocrx_word' id='word_1_295' title='bbox 1099 3765 1257 3847; x_wconf 90' lang='lat' dir='ltr'><strong>probatur.</strong></span> <span class='ocrx_word' id='word_1_296' title='bbox 1302 3766 1408 3830; x_wconf 85' lang='lat' dir='ltr'><strong>Liceat</strong></span> 
     </span>
     <span class='ocr_line' id='line_1_35' title="bbox 288 3866 1408 3952; baseline 0 -18"><span class='ocrx_word' id='word_1_297' title='bbox 288 3871 383 3952; x_wconf 90' lang='lat' dir='ltr'><strong>igitur</strong></span> <span class='ocrx_word' id='word_1_298' title='bbox 404 3869 479 3933; x_wconf 93' lang='lat' dir='ltr'><strong>mihi</strong></span> <span class='ocrx_word' id='word_1_299' title='bbox 501 3867 682 3944; x_wconf 88' lang='lat' dir='ltr'><strong>Baehrensii</strong></span> <span class='ocrx_word' id='word_1_300' title='bbox 711 3867 898 3932; x_wconf 88' lang='lat' dir='ltr'><strong>sententiam</strong></span> <span class='ocrx_word' id='word_1_301' title='bbox 924 3866 1061 3932; x_wconf 89' lang='lat' dir='ltr'><strong>breviter</strong></span> <span class='ocrx_word' id='word_1_302' title='bbox 1089 3869 1243 3933; x_wconf 83' lang='lat' dir='ltr'><strong>enarrare.</strong></span> <span class='ocrx_word' id='word_1_303' title='bbox 1290 3869 1408 3951; x_wconf 83' lang='lat' dir='ltr'><strong>,Elegia</strong></span> 
     </span>
     <span class='ocr_line' id='line_1_36' title="bbox 288 3969 1407 4056; baseline -0.001 -19"><span class='ocrx_word' id='word_1_304' title='bbox 288 3973 398 4054; x_wconf 84' lang='lat' dir='ltr'><strong>prima,</strong></span> <span class='ocrx_word' id='word_1_305' title='bbox 421 3971 530 4051; x_wconf 85' lang='lat' dir='ltr'><strong>inquit,</strong></span> <span class='ocrx_word' id='word_1_306' title='bbox 553 3971 722 4056; x_wconf 89' lang='lat' dir='ltr'><strong>respondet</strong></span> <span class='ocrx_word' id='word_1_307' title='bbox 743 3975 837 4052; x_wconf 86' lang='lat' dir='ltr'><strong>poeta</strong></span> <span class='ocrx_word' id='word_1_308' title='bbox 859 3969 1014 4036; x_wconf 88' lang='lat' dir='ltr'><strong>Messalae</strong></span> <span class='ocrx_word' id='word_1_309' title='bbox 1037 3971 1089 4052; x_wconf 92' lang='lat' dir='ltr'><strong>qui</strong></span> <span class='ocrx_word' id='word_1_310' title='bbox 1112 3972 1144 4037; x_wconf 93' lang='lat' dir='ltr'><strong>in</strong></span> <span class='ocrx_word' id='word_1_311' title='bbox 1155 3971 1314 4038; x_wconf 88' lang='lat' dir='ltr'><strong>Orientem</strong></span> <span class='ocrx_word' id='word_1_312' title='bbox 1336 3991 1407 4054; x_wconf 86' lang='lat' dir='ltr'><strong>pro-</strong></span> 
     </span>
     <span class='ocr_line' id='line_1_37' title="bbox 289 4072 1407 4162; baseline -0.001 -21"><span class='ocrx_word' id='word_1_313' title='bbox 289 4076 428 4162; x_wconf 84' lang='lat' dir='ltr'><strong>fecturus</strong></span> <span class='ocrx_word' id='word_1_314' title='bbox 451 4079 577 4157; x_wconf 89' lang='lat' dir='ltr'><strong>poetam</strong></span> <span class='ocrx_word' id='word_1_315' title='bbox 598 4072 786 4139; x_wconf 88' lang='lat' dir='ltr'><strong>invitaverat</strong></span> <span class='ocrx_word' id='word_1_316' title='bbox 807 4078 843 4138; x_wconf 91' lang='lat' dir='ltr'><strong>ut</strong></span> <span class='ocrx_word' id='word_1_317' title='bbox 858 4093 892 4139; x_wconf 89' lang='lat' dir='ltr'><strong>se</strong></span> <span class='ocrx_word' id='word_1_318' title='bbox 914 4074 1027 4139; x_wconf 93' lang='lat' dir='ltr'><strong>iterum</strong></span> <span class='ocrx_word' id='word_1_319' title='bbox 1040 4075 1249 4140; x_wconf 82' lang='lat' dir='ltr'><strong>comitaretur.</strong></span> <span class='ocrx_word' id='word_1_320' title='bbox 1294 4076 1407 4150; x_wconf 82' lang='lat' dir='ltr'><strong>(Antea</strong></span> 
     </span>
     <span class='ocr_line' id='line_1_38' title="bbox 289 4175 1407 4258; baseline -0.001 -15"><span class='ocrx_word' id='word_1_321' title='bbox 289 4179 351 4244; x_wconf 88' lang='lat' dir='ltr'><strong>iam</strong></span> <span class='ocrx_word' id='word_1_322' title='bbox 374 4176 446 4242; x_wconf 90' lang='lat' dir='ltr'><strong>belli</strong></span> <span class='ocrx_word' id='word_1_323' title='bbox 468 4177 644 4257; x_wconf 88' lang='lat' dir='ltr'><strong>Aquitanici</strong></span> <span class='ocrx_word' id='word_1_324' title='bbox 671 4177 828 4258; x_wconf 87' lang='lat' dir='ltr'><strong>particeps</strong></span> <span class='ocrx_word' id='word_1_325' title='bbox 865 4175 969 4242; x_wconf 85' lang='lat' dir='ltr'><strong>luerat</strong></span> <span class='ocrx_word' id='word_1_326' title='bbox 1004 4177 1142 4242; x_wconf 86' lang='lat' dir='ltr'><strong>Tibullus</strong></span> <span class='ocrx_word' id='word_1_327' title='bbox 1162 4197 1218 4241; x_wconf 79' lang='lat' dir='ltr'><strong>ex</strong></span> <span class='ocrx_word' id='word_1_328' title='bbox 1254 4179 1407 4243; x_wconf 88' lang='lat' dir='ltr'><strong>sententia</strong></span> 
     </span>
     <span class='ocr_line' id='line_1_39' title="bbox 290 4265 1409 4362; baseline -0.002 -13"><span class='ocrx_word' id='word_1_329' title='bbox 290 4265 495 4361; x_wconf 81' lang='lat' dir='ltr'><strong>Baehrensii.)</strong></span> <span class='ocrx_word' id='word_1_330' title='bbox 539 4277 677 4344; x_wconf 87' lang='lat' dir='ltr'><strong>Recusat</strong></span> <span class='ocrx_word' id='word_1_331' title='bbox 697 4280 776 4345; x_wconf 87' lang='lat' dir='ltr'><strong>hano</strong></span> <span class='ocrx_word' id='word_1_332' title='bbox 798 4279 1022 4346; x_wconf 86' lang='lat' dir='ltr'><strong>invitationem·</strong></span> <span class='ocrx_word' id='word_1_333' title='bbox 1041 4286 1135 4361; x_wconf 87' lang='lat' dir='ltr'><strong>poeta</strong></span> <span class='ocrx_word' id='word_1_334' title='bbox 1167 4279 1220 4362; x_wconf 90' lang='lat' dir='ltr'><strong>qui</strong></span> <span class='ocrx_word' id='word_1_335' title='bbox 1243 4281 1409 4347; x_wconf 84' lang='lat' dir='ltr'><strong>abhorreat</strong></span> 
     </span>
    </p>
   </div>
   <div class='ocr_carea' id='block_1_4' title="bbox 291 4402 490 4414">
    <p class='ocr_par' dir='ltr' id='par_1_5' title="bbox 291 4402 490 4414">
     <span class='ocr_line' id='line_1_40' title="bbox 291 4402 490 4414; baseline 0 -3"><span class='ocrx_word' id='word_1_336' title='bbox 291 4402 490 4414; x_wconf 80' lang='grc'><strong>,-...---</strong></span> 
     </span>
    </p>
   </div>
   <div class='ocr_carea' id='block_1_5' title="bbox 359 4421 874 4523">
    <p class='ocr_par' dir='ltr' id='par_1_6' title="bbox 359 4421 874 4523">
     <span class='ocr_line' id='line_1_41' title="bbox 359 4421 874 4523; baseline -0.002 -21"><span class='ocrx_word' id='word_1_337' title='bbox 359 4453 380 4523; x_wconf 83' lang='grc'><strong>1)</strong></span> <span class='ocrx_word' id='word_1_338' title='bbox 397 4453 467 4510; x_wconf 76' lang='lat' dir='ltr'><strong>Mus.</strong></span> <span class='ocrx_word' id='word_1_339' title='bbox 485 4449 570 4510; x_wconf 77' lang='lat' dir='ltr'><strong>Rhoe,</strong></span> <span class='ocrx_word' id='word_1_340' title='bbox 587 4421 706 4506; x_wconf 86' lang='lat' dir='ltr'><strong>XXXll.</strong></span> <span class='ocrx_word' id='word_1_341' title='bbox 725 4467 750 4516; x_wconf 88' lang='lat' dir='ltr'><strong>p.</strong></span> <span class='ocrx_word' id='word_1_342' title='bbox 768 4449 818 4508; x_wconf 78' lang='lat'><strong>445</strong></span> <span class='ocrx_word' id='word_1_343' title='bbox 837 4468 874 4518; x_wconf 78' lang='lat' dir='ltr'><strong>sq.</strong></span> 
     </span>
    </p>
   </div>
   <div class='ocr_carea' id='block_1_6' title="bbox 0 0 1593 5040">
    <p class='ocr_par' dir='ltr' id='par_1_7' title="bbox 0 0 1593 5040">
     <span class='ocr_line' id='line_1_42' title="bbox 0 0 1593 5040; baseline 0 0"><span class='ocrx_word' id='word_1_344' title='bbox 0 0 1593 5040; x_wconf 95' lang='lat' dir='ltr'><strong> </strong></span> 
     </span>
    </p>
   </div>
  </div>
 </body>
</html>
