3156 5040
745 277 956 340 ..44-

290 469 322 528 ol
344 464 414 528 inde
438 463 477 528 ab
500 464 558 530 hoc
580 469 720 545 tompore
743 483 842 545 usquc
865 464 905 528 ad
934 485 962 530 a.
1000 463 1064 528 7666
1088 464 1148 527 725
1194 462 1340 543 scripta
1377 465 1450 523 sunt

290 567 435 647 deinceps
458 585 582 632 carmen
606 569 633 634 3.
661 571 686 634 1.
719 569 747 632 5.
771 569 799 632 2.
839 569 866 647 6,
902 567 1043 632 omnibus
1080 566 1231 631 numeris
1280 562 1450 629 absoluta.

290 669 442 735 Ultimum
464 677 513 735 est
543 690 668 736 carmen
690 670 857 750 septimum
880 690 908 736 a.
933 671 993 734 727
1026 675 1099 751 post
1126 667 1310 734 Messalae
1337 666 1451 730 trium·

291 772 386 852 phum
423 774 637 854 compositum.
683 773 794 838 Editus
830 773 954 838 videtur
989 772 1067 837 libor
1092 773 1221 853 primus
1271 788 1354 834 csse
1397 771 1453 831 aut

292 875 402 941 codem
425 880 582 942 6676666
606 877 757 959 sequenti.

383 1358 593 1425 OARMINA
620 1357 675 1424 ΕΤ
704 1357 791 1424 RES
818 1357 908 1424 Pus
935 1357 1081 1424 ANNOS
1109 1356 1355 1424 DllillSTA.

297 1564 368 1627 700.
394 1522 526 1638 (--770)
549 1527 641 1628 Circa
664 1563 721 1628 hos
744 1563 809 1627 7666
832 1582 929 1628 66666
952 1563 1090 1627 Tibullus
1113 1567 1206 1628 natus
1230 1568 1300 1627 est.

296 1668 365 1730 721.
544 1665 633 1731 Circa
654 1665 736 1730 hunc
758 1666 823 1730 7666
848 1659 962 1730 annum
984 1665 1123 1731 Tibullus
1147 1667 1186 1730 ad
1221 1685 1324 1730 arma
1367 1681 1439 1727 evo·
1550 1649 1551 1702 l

548 1774 635 1834 catus
659 1769 766 1834 scribit
788 1770 920 1852 elegiam
945 1771 992 1833 lO.

296 1871 365 1935 722.
553 1871 691 1937 Tibullus
713 1872 831 1936 Romae
853 1872 940 1952 poesi
961 1870 1136 1954 litterisque
1155 1872 1296 1936 'deditus
1324 1865 1435 1935 scribit

546 1975 682 2042 carmina
704 1975 735 2039 76
757 1974 937 2040 Marathum
959 1977 989 2043 4.
1013 1977 1041 2040 8.
1072 1978 1102 2042 9.
1139 1974 1303 2040 Messalae
1347 1973 1435 2036 inno·
1551 1991 1552 2002 ¹

548 2078 645 2143 tescit.
693 2077 814 2142 Deliam
838 2096 944 2143 amare
967 2079 1077 2160 coepit.

296 2179 366 2242 723.
549 2179 687 2258 Tibullus
724 2180 893 2245 Messalam
927 2181 1082 2247 consulem
1120 2181 1151 2245 76
1187 2198 1335 2262 pugnam
1378 2177 1433 2241 Ac·

548 2283 663 2348 tiocam
677 2283 852 2349 comitatur.
897 2284 974 2348 Inde
997 2284 1028 2348 76
1041 2283 1200 2348 Orientem
1221 2283 1430 2363 profecturus
1552 2283 1553 2286 ’

545 2387 577 2450 76
599 2387 702 2451 766616
726 2385 860 2469 Corcyra
882 2387 1007 2452 relictus
1032 2405 1156 2451 carmen
1180 2388 1198 2450 3
1221 2385 1398 2466 componit.

299 2489 367 2550 724.
549 2488 695 2554 Messala
722 2490 958 2570 proconsulares
995 2489 1169 2570 provincias
1193 2489 1320 2570 Syriam
1358 2483 1427 2551 Cili·
1553 2500 1554 2558 1

549 2590 696 2675 ciamque}
718 2592 793 2670 adit,
818 2592 956 2657 Tibullus
979 2593 1098 2658 Romae
1136 2596 1275 2656 moratus
1317 2587 1427 2657 scribit
1553 2577 1554 2620 l

548 2694 681 2776 elegiam
704 2698 719 2758 1
745 2714 807 2775 qua
840 2714 873 2760 se
907 2702 1035 2760 excusat
1056 2695 1211 2760 Messalae
1245 2714 1300 2759 cur
1336 2689 1426 2758 resti-

550 2803 619 2862 tuta
641 2798 819 2862 valetudine
855 2799 886 2861 in
910 2797 1068 2862 Orientem
1105 2798 1238 2862 amicum
1275 2818 1341 2862 non
1380 2811 1425 2858 sc·

552 2907 641 2966 cutus
664 2903 733 2966 sit..
1149 2957 1155 2969 .
1462 2887 1469 2908 ⁹

552 3004 689 3068 Messala
730 3005 890 3069 occasione
933 3005 1008 3068 data
1051 3005 1188 3068 trucidat
1224 3004 1422 3086 gladiatores.

549 3107 721 3172 Discidium
748 3108 829 3171 inter
855 3107 976 3171 Deliam
999 3111 1032 3169 67
1043 3105 1196 3169 Tibullum
1215 3107 1299 3187 quod
1313 3107 1423 3172 tollere

551 3197 658 3274 studet
685 3211 761 3290 eleg.
798 3211 826 3272 5.
872 3209 1104 3272 Matrimonium
1137 3209 1269 3272 aDclia
1303 3210 1418 3274 initum.

552 3312 674 3392 Scripta
697 3316 770 3376 sunt
792 3312 929 3375 carmina
952 3312 1015 3374 2et
1032 3312 1058 3373 6.
1083 3310 1220 3374 Messala
1243 3331 1280 3375 ex
1297 3311 1419 3375 Oriente

553 3415 659 3479 redux.

554 3517 742 3582 Octavianus
765 3516 907 3597 princeps
930 3515 972 3580 fit.
1019 3514 1157 3579 Tibullus
1182 3516 1372 3580 carminibus
1394 3513 1421 3578 iu

552 3621 674 3684 Deliam
702 3621 824 3701 scriptis
857 3621 920 3684 iam
942 3619 1084 3683 innotuit
1105 3689 1109 3698 .
1130 3618 1214 3681 Finis
1247 3619 1279 3683 76
1302 3619 1423 3683 061766

555 3724 680 3790 amoris.
726 3723 864 3787 Tibullus
888 3723 1054 3787 comitatur
1065 3720 1234 3785 Messalam
1257 3722 1288 3785 in
1310 3721 1424 3786 bellum

554 3825 780 3909 Aquitanicuin.
837 3827 994 3889 Autumno
1031 3842 1135 3905 pugna
1172 3824 1256 3904 apud
1294 3825 1423 3888 Atacem

556 3930 745 3995 commissa·
989 3935 991 3939 ’
1329 3913 1335 3924 ’

558 4031 745 4112 Triumphus
758 4031 922 4095 Messalae.
951 4029 1073 4109 Scripta
1096 4021 1257 4108 es'telegia
1281 4031 1309 4093 7.
1334 4029 1426 4094 Liber

558 4140 643 4200 totus
667 4134 783 4200 editur.

560 4237 699 4304 Tibullus
722 4237 860 4302 moritur.

766 4453 970 4478 m
