<?xml version="1.0" encoding="UTF-8"?>
<!DOCTYPE html PUBLIC "-//W3C//DTD XHTML 1.0 Transitional//EN"
    "http://www.w3.org/TR/xhtml1/DTD/xhtml1-transitional.dtd">
<html xmlns="http://www.w3.org/1999/xhtml" xml:lang="en" lang="en">
 <head>
  <title>
</title>
<meta http-equiv="Content-Type" content="text/html;charset=utf-8" />
  <meta name='ocr-system' content='tesseract 3.04.00' />
  <meta name='ocr-capabilities' content='ocr_page ocr_carea ocr_par ocr_line ocrx_word'/>
</head>
<body>
  <div class='ocr_page' id='page_1' title='image "./quaestionesinti00schugoog_0020.png"; bbox 0 0 3156 5040; ppageno 0'>
   <div class='ocr_carea' id='block_1_1' title="bbox 656 251 940 316">
    <p class='ocr_par' dir='ltr' id='par_1_1' title="bbox 656 251 940 316">
     <span class='ocr_line' id='line_1_1' title="bbox 656 251 940 316; baseline -0.007 -20"><span class='ocrx_word' id='word_1_1' title='bbox 656 251 940 316; x_wconf 65' lang='lat'>..15-.</span> 
     </span>
    </p>
   </div>
   <div class='ocr_carea' id='block_1_2' title="bbox 198 435 1386 1856">
    <p class='ocr_par' dir='ltr' id='par_1_2' title="bbox 198 435 1386 1856">
     <span class='ocr_line' id='line_1_2' title="bbox 199 435 1368 520; baseline -0.003 -12"><span class='ocrx_word' id='word_1_2' title='bbox 199 440 373 508; x_wconf 84' lang='lat' dir='ltr'>Messalam</span> <span class='ocrx_word' id='word_1_3' title='bbox 422 439 494 503; x_wconf 90' lang='lat' dir='ltr'>inde</span> <span class='ocrx_word' id='word_1_4' title='bbox 531 457 550 502; x_wconf 90' lang='lat' dir='ltr'>a</span> <span class='ocrx_word' id='word_1_5' title='bbox 587 458 660 502; x_wconf 90' lang='lat' dir='ltr'>vere</span> <span class='ocrx_word' id='word_1_6' title='bbox 708 440 781 503; x_wconf 86' lang='lat' dir='ltr'>anni</span> <span class='ocrx_word' id='word_1_7' title='bbox 820 441 882 504; x_wconf 74' lang='grc'>774</span> <span class='ocrx_word' id='word_1_8' title='bbox 927 457 1025 520; x_wconf 88' lang='lat' dir='ltr'>usque</span> <span class='ocrx_word' id='word_1_9' title='bbox 1063 439 1102 504; x_wconf 90' lang='lat' dir='ltr'>ad</span> <span class='ocrx_word' id='word_1_10' title='bbox 1139 439 1222 504; x_wconf 90' lang='lat' dir='ltr'>idem</span> <span class='ocrx_word' id='word_1_11' title='bbox 1263 435 1329 506; x_wconf 85' lang='lat' dir='ltr'>lere</span> <span class='ocrx_word' id='word_1_12' title='bbox 1361 495 1368 512; x_wconf 81' lang='grc'><strong>.</strong></span> 
     </span>
     <span class='ocr_line' id='line_1_3' title="bbox 202 535 1329 627; baseline -0.002 -17"><span class='ocrx_word' id='word_1_13' title='bbox 202 551 328 627; x_wconf 89' lang='lat' dir='ltr'>tempus</span> <span class='ocrx_word' id='word_1_14' title='bbox 351 543 421 608; x_wconf 92' lang='lat' dir='ltr'>anni</span> <span class='ocrx_word' id='word_1_15' title='bbox 446 544 508 620; x_wconf 76' lang='grc'>727)</span> <span class='ocrx_word' id='word_1_16' title='bbox 531 561 587 624; x_wconf 91' lang='lat' dir='ltr'>pro</span> <span class='ocrx_word' id='word_1_17' title='bbox 611 541 736 626; x_wconf 88' lang='lat' dir='ltr'>consule</span> <span class='ocrx_word' id='word_1_18' title='bbox 770 543 802 606; x_wconf 91' lang='lat' dir='ltr'>in</span> <span class='ocrx_word' id='word_1_19' title='bbox 836 535 932 624; x_wconf 78' lang='lat' dir='ltr'>Syria&#39;</span> <span class='ocrx_word' id='word_1_20' title='bbox 959 541 1061 607; x_wconf 90' lang='lat' dir='ltr'>fuisse.</span> <span class='ocrx_word' id='word_1_21' title='bbox 1110 542 1211 624; x_wconf 80' lang='lat' dir='ltr'>(Adde</span> <span class='ocrx_word' id='word_1_22' title='bbox 1245 545 1329 625; x_wconf 92' lang='lat' dir='ltr'>quod</span> 
     </span>
     <span class='ocr_line' id='line_1_4' title="bbox 204 641 1370 724; baseline 0.002 -12"><span class='ocrx_word' id='word_1_23' title='bbox 204 647 372 712; x_wconf 83' lang='lat' dir='ltr'><strong>Messalam</strong></span> <span class='ocrx_word' id='word_1_24' title='bbox 394 645 515 710; x_wconf 89' lang='lat' dir='ltr'>Tibullo</span> <span class='ocrx_word' id='word_1_25' title='bbox 527 650 653 709; x_wconf 90' lang='lat' dir='ltr'>auctore</span> <span class='ocrx_word' id='word_1_26' title='bbox 677 641 848 724; x_wconf 59' lang='grc'>(07133)</span> <span class='ocrx_word' id='word_1_27' title='bbox 872 645 981 710; x_wconf 85' lang='lat' dir='ltr'>cohors</span> <span class='ocrx_word' id='word_1_28' title='bbox 1004 644 1219 724; x_wconf 79' lang='lat' dir='ltr'>comitabatur,</span> <span class='ocrx_word' id='word_1_29' title='bbox 1243 647 1330 713; x_wconf 92' lang='lat' dir='ltr'>cuius</span> <span class='ocrx_word' id='word_1_30' title='bbox 1363 701 1370 714; x_wconf 92' lang='lat'>.</span> 
     </span>
     <span class='ocr_line' id='line_1_5' title="bbox 203 746 1326 832; baseline 0.001 -18"><span class='ocrx_word' id='word_1_31' title='bbox 203 751 256 814; x_wconf 89' lang='lat' dir='ltr'>ubi</span> <span class='ocrx_word' id='word_1_32' title='bbox 277 749 394 814; x_wconf 89' lang='lat' dir='ltr'>mentio</span> <span class='ocrx_word' id='word_1_33' title='bbox 427 746 464 812; x_wconf 83' lang='lat' dir='ltr'>fit</span> <span class='ocrx_word' id='word_1_34' title='bbox 496 767 557 813; x_wconf 93' lang='lat' dir='ltr'>non</span> <span class='ocrx_word' id='word_1_35' title='bbox 580 747 708 812; x_wconf 91' lang='lat' dir='ltr'>dubium</span> <span class='ocrx_word' id='word_1_36' title='bbox 741 752 790 812; x_wconf 90' lang='lat' dir='ltr'>est</span> <span class='ocrx_word' id='word_1_37' title='bbox 817 748 891 828; x_wconf 90' lang='lat' dir='ltr'>quin</span> <span class='ocrx_word' id='word_1_38' title='bbox 925 748 963 813; x_wconf 94' lang='lat' dir='ltr'>de</span> <span class='ocrx_word' id='word_1_39' title='bbox 986 748 1170 829; x_wconf 82' lang='lat' dir='ltr'><strong>proconsule</strong></span> <span class='ocrx_word' id='word_1_40' title='bbox 1204 751 1326 832; x_wconf 83' lang='lat' dir='ltr'>agatur.</span> 
     </span>
     <span class='ocr_line' id='line_1_6' title="bbox 201 851 1325 932; baseline 0 -15"><span class='ocrx_word' id='word_1_41' title='bbox 201 853 289 918; x_wconf 82' lang='lat' dir='ltr'>Inter</span> <span class='ocrx_word' id='word_1_42' title='bbox 312 870 420 917; x_wconf 89' lang='lat' dir='ltr'>omnes</span> <span class='ocrx_word' id='word_1_43' title='bbox 443 851 525 916; x_wconf 88' lang='lat' dir='ltr'>enim</span> <span class='ocrx_word' id='word_1_44' title='bbox 548 855 671 915; x_wconf 89' lang='lat' dir='ltr'>constat</span> <span class='ocrx_word' id='word_1_45' title='bbox 692 856 759 915; x_wconf 92' lang='lat' dir='ltr'>tum</span> <span class='ocrx_word' id='word_1_46' title='bbox 782 851 932 932; x_wconf 90' lang='lat' dir='ltr'>temporis</span> <span class='ocrx_word' id='word_1_47' title='bbox 962 869 1015 916; x_wconf 91' lang='lat' dir='ltr'>eos</span> <span class='ocrx_word' id='word_1_48' title='bbox 1045 851 1099 931; x_wconf 93' lang='lat' dir='ltr'>qui</span> <span class='ocrx_word' id='word_1_49' title='bbox 1120 870 1177 932; x_wconf 93' lang='lat' dir='ltr'>pro</span> <span class='ocrx_word' id='word_1_50' title='bbox 1201 851 1325 917; x_wconf 89' lang='lat' dir='ltr'>consule</span> 
     </span>
     <span class='ocr_line' id='line_1_7' title="bbox 200 949 1325 1036; baseline 0 -16"><span class='ocrx_word' id='word_1_51' title='bbox 200 955 251 1021; x_wconf 90' lang='lat' dir='ltr'>vel</span> <span class='ocrx_word' id='word_1_52' title='bbox 273 975 332 1036; x_wconf 92' lang='lat' dir='ltr'>pro</span> <span class='ocrx_word' id='word_1_53' title='bbox 355 960 502 1036; x_wconf 89' lang='lat' dir='ltr'>praetore</span> <span class='ocrx_word' id='word_1_54' title='bbox 530 953 561 1017; x_wconf 95' lang='lat' dir='ltr'>in</span> <span class='ocrx_word' id='word_1_55' title='bbox 583 952 749 1034; x_wconf 90' lang='lat' dir='ltr'>provinciis</span> <span class='ocrx_word' id='word_1_56' title='bbox 777 971 828 1018; x_wconf 91' lang='lat' dir='ltr'>res</span> <span class='ocrx_word' id='word_1_57' title='bbox 851 954 1114 1020; x_wconf 81' lang='lat' dir='ltr'>administrabant</span> <span class='ocrx_word' id='word_1_58' title='bbox 1134 974 1196 1021; x_wconf 93' lang='lat' dir='ltr'>non</span> <span class='ocrx_word' id='word_1_59' title='bbox 1224 949 1325 1021; x_wconf 91' lang='lat' dir='ltr'>solum</span> 
     </span>
     <span class='ocr_line' id='line_1_8' title="bbox 198 1049 1323 1139; baseline 0.002 -17"><span class='ocrx_word' id='word_1_60' title='bbox 198 1049 366 1122; x_wconf 83' lang='lat' dir='ltr'>numerum</span> <span class='ocrx_word' id='word_1_61' title='bbox 381 1057 538 1139; x_wconf 87' lang='lat' dir='ltr'>quendum</span> <span class='ocrx_word' id='word_1_62' title='bbox 560 1057 707 1120; x_wconf 89' lang='lat' dir='ltr'>iuvenum</span> <span class='ocrx_word' id='word_1_63' title='bbox 723 1056 925 1122; x_wconf 86' lang='lat' dir='ltr'>nobilioribus</span> <span class='ocrx_word' id='word_1_64' title='bbox 947 1056 1023 1122; x_wconf 90' lang='lat' dir='ltr'>locis</span> <span class='ocrx_word' id='word_1_65' title='bbox 1050 1062 1194 1123; x_wconf 87' lang='lat' dir='ltr'>natorum</span> <span class='ocrx_word' id='word_1_66' title='bbox 1217 1059 1323 1124; x_wconf 85' lang='lat' dir='ltr'>securri¹</span> 
     </span>
     <span class='ocr_line' id='line_1_9' title="bbox 201 1149 1386 1242; baseline 0.003 -18"><span class='ocrx_word' id='word_1_67' title='bbox 201 1161 322 1226; x_wconf 89' lang='lat' dir='ltr'>babere</span> <span class='ocrx_word' id='word_1_68' title='bbox 344 1150 453 1225; x_wconf 91' lang='lat' dir='ltr'>solitos</span> <span class='ocrx_word' id='word_1_69' title='bbox 476 1177 546 1223; x_wconf 88' lang='lat' dir='ltr'>esse</span> <span class='ocrx_word' id='word_1_70' title='bbox 573 1160 627 1240; x_wconf 85' lang='lat' dir='ltr'>qui</span> <span class='ocrx_word' id='word_1_71' title='bbox 649 1156 804 1224; x_wconf 85' lang='lat' dir='ltr'>rationem</span> <span class='ocrx_word' id='word_1_72' title='bbox 825 1159 897 1224; x_wconf 85' lang='lat' dir='ltr'>belli</span> <span class='ocrx_word' id='word_1_73' title='bbox 926 1160 1054 1242; x_wconf 85' lang='lat' dir='ltr'>gerendi</span> <span class='ocrx_word' id='word_1_74' title='bbox 1076 1160 1125 1225; x_wconf 86' lang='lat' dir='ltr'>vel</span> <span class='ocrx_word' id='word_1_75' title='bbox 1148 1161 1324 1241; x_wconf 85' lang='lat' dir='ltr'>provinciae</span> <span class='ocrx_word' id='word_1_76' title='bbox 1383 1149 1386 1155; x_wconf 65' lang='grc'><strong>’</strong></span> 
     </span>
     <span class='ocr_line' id='line_1_10' title="bbox 204 1262 1329 1344; baseline 0.001 -16"><span class='ocrx_word' id='word_1_77' title='bbox 204 1263 469 1328; x_wconf 86' lang='lat' dir='ltr'>administrandae</span> <span class='ocrx_word' id='word_1_78' title='bbox 485 1268 708 1343; x_wconf 83' lang='lat' dir='ltr'>cognoscerent</span> <span class='ocrx_word' id='word_1_79' title='bbox 722 1262 771 1327; x_wconf 86' lang='lat' dir='ltr'>vol</span> <span class='ocrx_word' id='word_1_80' title='bbox 793 1263 823 1325; x_wconf 90' lang='lat' dir='ltr'>iu</span> <span class='ocrx_word' id='word_1_81' title='bbox 840 1262 959 1326; x_wconf 88' lang='lat' dir='ltr'>iudiciis</span> <span class='ocrx_word' id='word_1_82' title='bbox 976 1281 1170 1332; x_wconf 87' lang='lat' dir='ltr'>assessorum</span> <span class='ocrx_word' id='word_1_83' title='bbox 1185 1265 1329 1344; x_wconf 89' lang='lat' dir='ltr'>partibus</span> 
     </span>
     <span class='ocr_line' id='line_1_11' title="bbox 205 1365 1326 1447; baseline 0.001 -17"><span class='ocrx_word' id='word_1_84' title='bbox 205 1367 417 1447; x_wconf 83' lang='lat' dir='ltr'>fungerentur,</span> <span class='ocrx_word' id='word_1_85' title='bbox 446 1366 502 1430; x_wconf 91' lang='lat' dir='ltr'>scd</span> <span class='ocrx_word' id='word_1_86' title='bbox 530 1383 624 1445; x_wconf 89' lang='lat' dir='ltr'>saepo</span> <span class='ocrx_word' id='word_1_87' title='bbox 652 1365 747 1429; x_wconf 90' lang='lat' dir='ltr'>etiam</span> <span class='ocrx_word' id='word_1_88' title='bbox 770 1366 829 1430; x_wconf 92' lang='lat' dir='ltr'>sibi</span> <span class='ocrx_word' id='word_1_89' title='bbox 856 1365 1031 1429; x_wconf 82' lang='lat' dir='ltr'>devinxisse</span> <span class='ocrx_word' id='word_1_90' title='bbox 1054 1385 1150 1430; x_wconf 92' lang='lat' dir='ltr'>unum</span> <span class='ocrx_word' id='word_1_91' title='bbox 1172 1367 1222 1430; x_wconf 87' lang='lat' dir='ltr'>vel</span> <span class='ocrx_word' id='word_1_92' title='bbox 1245 1386 1326 1431; x_wconf 91' lang='lat' dir='ltr'>com-</span> 
     </span>
     <span class='ocr_line' id='line_1_12' title="bbox 200 1467 1327 1550; baseline 0.002 -17"><span class='ocrx_word' id='word_1_93' title='bbox 200 1471 307 1550; x_wconf 90' lang='lat' dir='ltr'>plures</span> <span class='ocrx_word' id='word_1_94' title='bbox 330 1469 413 1533; x_wconf 92' lang='lat' dir='ltr'>viros</span> <span class='ocrx_word' id='word_1_95' title='bbox 437 1467 520 1532; x_wconf 90' lang='lat' dir='ltr'>omni</span> <span class='ocrx_word' id='word_1_96' title='bbox 542 1468 683 1533; x_wconf 90' lang='lat' dir='ltr'>doctrina</span> <span class='ocrx_word' id='word_1_97' title='bbox 710 1469 850 1532; x_wconf 87' lang='lat' dir='ltr'>cruditos</span> <span class='ocrx_word' id='word_1_98' title='bbox 871 1488 1003 1550; x_wconf 91' lang='lat' dir='ltr'>quorum</span> <span class='ocrx_word' id='word_1_99' title='bbox 1026 1487 1064 1532; x_wconf 90' lang='lat' dir='ltr'>ex</span> <span class='ocrx_word' id='word_1_100' title='bbox 1086 1489 1146 1533; x_wconf 93' lang='lat' dir='ltr'>usu</span> <span class='ocrx_word' id='word_1_101' title='bbox 1169 1470 1327 1535; x_wconf 89' lang='lat' dir='ltr'>cotidiano</span> 
     </span>
     <span class='ocr_line' id='line_1_13' title="bbox 199 1569 1326 1650; baseline 0.001 -14"><span class='ocrx_word' id='word_1_102' title='bbox 199 1574 282 1636; x_wconf 90' lang='lat' dir='ltr'>iuter</span> <span class='ocrx_word' id='word_1_103' title='bbox 304 1572 377 1636; x_wconf 92' lang='lat' dir='ltr'>belli</span> <span class='ocrx_word' id='word_1_104' title='bbox 399 1571 522 1635; x_wconf 90' lang='lat' dir='ltr'>labores</span> <span class='ocrx_word' id='word_1_105' title='bbox 545 1576 578 1634; x_wconf 91' lang='lat' dir='ltr'>et</span> <span class='ocrx_word' id='word_1_106' title='bbox 599 1570 737 1650; x_wconf 91' lang='lat' dir='ltr'>pericula</span> <span class='ocrx_word' id='word_1_107' title='bbox 759 1569 893 1637; x_wconf 89' lang='lat' dir='ltr'>fructum</span> <span class='ocrx_word' id='word_1_108' title='bbox 917 1578 949 1636; x_wconf 89' lang='lat' dir='ltr'>et</span> <span class='ocrx_word' id='word_1_109' title='bbox 965 1572 1204 1637; x_wconf 89' lang='lat' dir='ltr'>oblectationem</span> <span class='ocrx_word' id='word_1_110' title='bbox 1227 1573 1326 1637; x_wconf 90' lang='lat' dir='ltr'>animi</span> 
     </span>
     <span class='ocr_line' id='line_1_14' title="bbox 201 1661 1328 1754; baseline 0.001 -15"><span class='ocrx_word' id='word_1_111' title='bbox 201 1679 371 1752; x_wconf 89' lang='lat' dir='ltr'>sumerent,</span> <span class='ocrx_word' id='word_1_112' title='bbox 396 1674 448 1754; x_wconf 91' lang='lat' dir='ltr'>qui</span> <span class='ocrx_word' id='word_1_113' title='bbox 471 1674 636 1738; x_wconf 90' lang='lat' dir='ltr'>comitatus</span> <span class='ocrx_word' id='word_1_114' title='bbox 672 1673 758 1738; x_wconf 89' lang='lat' dir='ltr'>ducis</span> <span class='ocrx_word' id='word_1_115' title='bbox 787 1674 896 1739; x_wconf 90' lang='lat' dir='ltr'>cohors</span> <span class='ocrx_word' id='word_1_116' title='bbox 933 1674 982 1737; x_wconf 84' lang='lat' dir='ltr'>vel</span> <span class='ocrx_word' id='word_1_117' title='bbox 1016 1661 1125 1740; x_wconf 88' lang='lat' dir='ltr'>cohors</span> <span class='ocrx_word' id='word_1_118' title='bbox 1159 1676 1328 1746; x_wconf 90' lang='lat' dir='ltr'>amicorum</span> 
     </span>
     <span class='ocr_line' id='line_1_15' title="bbox 201 1776 776 1856; baseline -0.003 -14"><span class='ocrx_word' id='word_1_119' title='bbox 201 1777 251 1842; x_wconf 93' lang='lat' dir='ltr'>vel</span> <span class='ocrx_word' id='word_1_120' title='bbox 274 1777 421 1842; x_wconf 91' lang='lat' dir='ltr'>comitum</span> <span class='ocrx_word' id='word_1_121' title='bbox 445 1776 595 1856; x_wconf 91' lang='lat' dir='ltr'>appellari</span> <span class='ocrx_word' id='word_1_122' title='bbox 617 1776 776 1856; x_wconf 81' lang='lat' dir='ltr'>solebat.¹)</span> 
     </span>
    </p>
   </div>
   <div class='ocr_carea' id='block_1_3' title="bbox 148 1895 1406 3713">
    <p class='ocr_par' dir='ltr' id='par_1_3' title="bbox 148 1895 1406 3010">
     <span class='ocr_line' id='line_1_16' title="bbox 175 1895 1328 1978; baseline 0 -16"><span class='ocrx_word' id='word_1_123' title='bbox 175 1913 181 1923; x_wconf 85' lang='lat'>·</span> <span class='ocrx_word' id='word_1_124' title='bbox 288 1898 349 1962; x_wconf 86' lang='lat' dir='ltr'>Sed</span> <span class='ocrx_word' id='word_1_125' title='bbox 374 1897 448 1976; x_wconf 89' lang='lat' dir='ltr'>quid</span> <span class='ocrx_word' id='word_1_126' title='bbox 470 1895 543 1960; x_wconf 87' lang='lat' dir='ltr'>fecit</span> <span class='ocrx_word' id='word_1_127' title='bbox 558 1895 694 1960; x_wconf 84' lang='lat' dir='ltr'>Messala</span> <span class='ocrx_word' id='word_1_128' title='bbox 717 1916 773 1977; x_wconf 93' lang='lat' dir='ltr'>per</span> <span class='ocrx_word' id='word_1_129' title='bbox 795 1898 931 1978; x_wconf 90' lang='lat' dir='ltr'>spatium</span> <span class='ocrx_word' id='word_1_130' title='bbox 955 1898 1103 1978; x_wconf 89' lang='lat' dir='ltr'>temporis</span> <span class='ocrx_word' id='word_1_131' title='bbox 1127 1899 1210 1978; x_wconf 91' lang='lat' dir='ltr'>quod</span> <span class='ocrx_word' id='word_1_132' title='bbox 1233 1899 1328 1962; x_wconf 89' lang='lat' dir='ltr'>inter-</span> 
     </span>
     <span class='ocr_line' id='line_1_17' title="bbox 202 2000 1326 2081; baseline 0 -16"><span class='ocrx_word' id='word_1_133' title='bbox 202 2008 252 2066; x_wconf 88' lang='lat' dir='ltr'>est</span> <span class='ocrx_word' id='word_1_134' title='bbox 263 2002 349 2064; x_wconf 90' lang='lat' dir='ltr'>inter·</span> <span class='ocrx_word' id='word_1_135' title='bbox 367 2015 503 2081; x_wconf 73' lang='lat' dir='ltr'>pugnam</span> <span class='ocrx_word' id='word_1_136' title='bbox 522 2000 680 2078; x_wconf 77' lang='lat' dir='ltr'>Actiacam</span> <span class='ocrx_word' id='word_1_137' title='bbox 702 2007 734 2062; x_wconf 90' lang='lat' dir='ltr'>ot</span> <span class='ocrx_word' id='word_1_138' title='bbox 756 2019 811 2064; x_wconf 92' lang='lat' dir='ltr'>ver</span> <span class='ocrx_word' id='word_1_139' title='bbox 834 2000 904 2064; x_wconf 81' lang='lat' dir='ltr'>arani</span> <span class='ocrx_word' id='word_1_140' title='bbox 930 2003 992 2064; x_wconf 75' lang='grc'>724</span> <span class='ocrx_word' id='word_1_141' title='bbox 1015 2019 1076 2081; x_wconf 89' lang='lat' dir='ltr'>quo</span> <span class='ocrx_word' id='word_1_142' title='bbox 1099 2001 1232 2065; x_wconf 87' lang='lat' dir='ltr'>diximus</span> <span class='ocrx_word' id='word_1_143' title='bbox 1255 2020 1326 2065; x_wconf 86' lang='lat' dir='ltr'>cunr</span> 
     </span>
     <span class='ocr_line' id='line_1_18' title="bbox 201 2102 1328 2186; baseline 0 -18"><span class='ocrx_word' id='word_1_144' title='bbox 201 2107 380 2186; x_wconf 84' lang='lat' dir='ltr'>ingressum</span> <span class='ocrx_word' id='word_1_145' title='bbox 404 2121 473 2166; x_wconf 92' lang='lat' dir='ltr'>esse</span> <span class='ocrx_word' id='word_1_146' title='bbox 497 2102 686 2183; x_wconf 87' lang='lat' dir='ltr'>provinciam</span> <span class='ocrx_word' id='word_1_147' title='bbox 714 2103 989 2183; x_wconf 83' lang='lat' dir='ltr'>proconsularem?</span> <span class='ocrx_word' id='word_1_148' title='bbox 1019 2103 1091 2168; x_wconf 92' lang='lat' dir='ltr'>Sine</span> <span class='ocrx_word' id='word_1_149' title='bbox 1115 2105 1208 2168; x_wconf 91' lang='lat' dir='ltr'>dubio</span> <span class='ocrx_word' id='word_1_150' title='bbox 1231 2106 1328 2184; x_wconf 87' lang='lat' dir='ltr'>parti-</span> 
     </span>
     <span class='ocr_line' id='line_1_19' title="bbox 202 2197 1390 2304; baseline -0.004 -33"><span class='ocrx_word' id='word_1_151' title='bbox 202 2225 275 2288; x_wconf 86' lang='lat' dir='ltr'>ceps</span> <span class='ocrx_word' id='word_1_152' title='bbox 309 2205 368 2270; x_wconf 90' lang='lat' dir='ltr'>fuit</span> <span class='ocrx_word' id='word_1_153' title='bbox 401 2212 468 2270; x_wconf 88' lang='lat' dir='ltr'>tum</span> <span class='ocrx_word' id='word_1_154' title='bbox 502 2205 651 2285; x_wconf 90' lang='lat' dir='ltr'>temporis</span> <span class='ocrx_word' id='word_1_155' title='bbox 674 2197 853 2270; x_wconf 82' lang='lat' dir='ltr'>ultimorum</span> <span class='ocrx_word' id='word_1_156' title='bbox 880 2206 911 2269; x_wconf 94' lang='lat' dir='ltr'>in</span> <span class='ocrx_word' id='word_1_157' title='bbox 940 2209 1082 2304; x_wconf 71' lang='lat' dir='ltr'>Aegypto</span> <span class='ocrx_word' id='word_1_158' title='bbox 1106 2208 1327 2280; x_wconf 72' lang='lat' dir='ltr'>certaminum:</span> <span class='ocrx_word' id='word_1_159' title='bbox 1362 2244 1390 2266; x_wconf 86' lang='lat'>·.</span> 
     </span>
     <span class='ocr_line' id='line_1_20' title="bbox 204 2307 1326 2392; baseline 0.001 -18"><span class='ocrx_word' id='word_1_160' title='bbox 204 2311 287 2392; x_wconf 85' lang='lat' dir='ltr'>(cum</span> <span class='ocrx_word' id='word_1_161' title='bbox 310 2309 353 2373; x_wconf 92' lang='lat' dir='ltr'>ibi</span> <span class='ocrx_word' id='word_1_162' title='bbox 368 2314 526 2372; x_wconf 84' lang='lat' dir='ltr'>versatum</span> <span class='ocrx_word' id='word_1_163' title='bbox 540 2327 609 2372; x_wconf 91' lang='lat' dir='ltr'>esse</span> <span class='ocrx_word' id='word_1_164' title='bbox 625 2308 727 2372; x_wconf 87' lang='lat' dir='ltr'>elucet</span> <span class='ocrx_word' id='word_1_165' title='bbox 743 2327 760 2372; x_wconf 89' lang='lat' dir='ltr'>o</span> <span class='ocrx_word' id='word_1_166' title='bbox 775 2307 887 2372; x_wconf 87' lang='lat' dir='ltr'>Tibulli</span> <span class='ocrx_word' id='word_1_167' title='bbox 911 2309 1012 2390; x_wconf 82' lang='lat' dir='ltr'>elegia</span> <span class='ocrx_word' id='word_1_168' title='bbox 1028 2311 1046 2372; x_wconf 98' lang='grc'>7</span> <span class='ocrx_word' id='word_1_169' title='bbox 1050 2312 1074 2390; x_wconf 85' lang='grc'>);</span> <span class='ocrx_word' id='word_1_170' title='bbox 1089 2310 1137 2374; x_wconf 92' lang='lat' dir='ltr'>cui</span> <span class='ocrx_word' id='word_1_171' title='bbox 1152 2311 1326 2375; x_wconf 87' lang='lat' dir='ltr'>sententiae</span> 
     </span>
     <span class='ocr_line' id='line_1_21' title="bbox 204 2409 1325 2498; baseline 0.001 -21"><span class='ocrx_word' id='word_1_172' title='bbox 204 2432 263 2484; x_wconf 91' lang='lat' dir='ltr'>non</span> <span class='ocrx_word' id='word_1_173' title='bbox 279 2414 386 2477; x_wconf 88' lang='lat' dir='ltr'>obstat</span> <span class='ocrx_word' id='word_1_174' title='bbox 402 2411 484 2492; x_wconf 92' lang='lat' dir='ltr'>quod</span> <span class='ocrx_word' id='word_1_175' title='bbox 500 2409 638 2476; x_wconf 92' lang='lat' dir='ltr'>Tibullus</span> <span class='ocrx_word' id='word_1_176' title='bbox 650 2411 709 2475; x_wconf 91' lang='lat' dir='ltr'>hoc</span> <span class='ocrx_word' id='word_1_177' title='bbox 724 2417 864 2492; x_wconf 84' lang='lat' dir='ltr'>tempore</span> <span class='ocrx_word' id='word_1_178' title='bbox 877 2412 921 2493; x_wconf 84' lang='lat' dir='ltr'>(id</span> <span class='ocrx_word' id='word_1_179' title='bbox 937 2411 1020 2494; x_wconf 94' lang='lat' dir='ltr'>quod</span> <span class='ocrx_word' id='word_1_180' title='bbox 1042 2410 1123 2498; x_wconf 84' lang='lat' dir='ltr'>infra</span> <span class='ocrx_word' id='word_1_181' title='bbox 1138 2412 1325 2496; x_wconf 87' lang='lat' dir='ltr'>videbimus)</span> 
     </span>
     <span class='ocr_line' id='line_1_22' title="bbox 203 2499 1406 2598; baseline 0 -18"><span class='ocrx_word' id='word_1_182' title='bbox 203 2515 355 2598; x_wconf 85' lang='lat' dir='ltr'>Corcyrae</span> <span class='ocrx_word' id='word_1_183' title='bbox 378 2513 504 2579; x_wconf 86' lang='lat' dir='ltr'>relictus</span> <span class='ocrx_word' id='word_1_184' title='bbox 521 2514 587 2578; x_wconf 91' lang='lat' dir='ltr'>sinc</span> <span class='ocrx_word' id='word_1_185' title='bbox 610 2533 644 2578; x_wconf 91' lang='lat' dir='ltr'>sc</span> <span class='ocrx_word' id='word_1_186' title='bbox 668 2515 795 2580; x_wconf 91' lang='lat' dir='ltr'>comites</span> <span class='ocrx_word' id='word_1_187' title='bbox 818 2533 875 2598; x_wconf 90' lang='lat' dir='ltr'>per</span> <span class='ocrx_word' id='word_1_188' title='bbox 896 2534 983 2580; x_wconf 86' lang='lat' dir='ltr'>marc</span> <span class='ocrx_word' id='word_1_189' title='bbox 1000 2515 1160 2598; x_wconf 84' lang='lat' dir='ltr'>Aegaeum</span> <span class='ocrx_word' id='word_1_190' title='bbox 1182 2499 1326 2581; x_wconf 84' lang='lat' dir='ltr'>vecturas</span> <span class='ocrx_word' id='word_1_191' title='bbox 1404 2589 1406 2594; x_wconf 48' lang='grc'>,</span> 
     </span>
     <span class='ocr_line' id='line_1_23' title="bbox 201 2617 1324 2708; baseline 0 -26"><span class='ocrx_word' id='word_1_192' title='bbox 201 2623 273 2684; x_wconf 84' lang='lat' dir='ltr'>ess&#39;e</span> <span class='ocrx_word' id='word_1_193' title='bbox 297 2619 448 2699; x_wconf 82' lang='lat' dir='ltr'>queritur,</span> <span class='ocrx_word' id='word_1_194' title='bbox 472 2617 503 2681; x_wconf 94' lang='lat' dir='ltr'>id</span> <span class='ocrx_word' id='word_1_195' title='bbox 527 2618 610 2698; x_wconf 90' lang='lat' dir='ltr'>quod</span> <span class='ocrx_word' id='word_1_196' title='bbox 633 2619 685 2698; x_wconf 95' lang='lat' dir='ltr'>qui</span> <span class='ocrx_word' id='word_1_197' title='bbox 709 2617 810 2682; x_wconf 90' lang='lat' dir='ltr'>adbuc</span> <span class='ocrx_word' id='word_1_198' title='bbox 833 2618 970 2686; x_wconf 86' lang='lat' dir='ltr'>carmina</span> <span class='ocrx_word' id='word_1_199' title='bbox 992 2617 1104 2684; x_wconf 88' lang='lat' dir='ltr'>Tibulli</span> <span class='ocrx_word' id='word_1_200' title='bbox 1126 2619 1324 2708; x_wconf 86' lang='lat' dir='ltr'>interpretati</span> 
     </span>
     <span class='ocr_line' id='line_1_24' title="bbox 203 2719 1357 2802; baseline 0 -16"><span class='ocrx_word' id='word_1_201' title='bbox 203 2728 276 2787; x_wconf 93' lang='lat' dir='ltr'>sunt</span> <span class='ocrx_word' id='word_1_202' title='bbox 305 2741 411 2786; x_wconf 84' lang='lat' dir='ltr'>ornnes</span> <span class='ocrx_word' id='word_1_203' title='bbox 445 2721 485 2786; x_wconf 89' lang='lat' dir='ltr'>ad</span> <span class='ocrx_word' id='word_1_204' title='bbox 519 2721 580 2784; x_wconf 90' lang='lat' dir='ltr'>iter</span> <span class='ocrx_word' id='word_1_205' title='bbox 611 2720 644 2784; x_wconf 90' lang='lat' dir='ltr'>in</span> <span class='ocrx_word' id='word_1_206' title='bbox 667 2719 788 2802; x_wconf 85' lang='lat' dir='ltr'>Syriam</span> <span class='ocrx_word' id='word_1_207' title='bbox 811 2720 987 2786; x_wconf 86' lang='lat' dir='ltr'>faciendum</span> <span class='ocrx_word' id='word_1_208' title='bbox 1020 2721 1224 2802; x_wconf 81' lang='lat' dir='ltr'>rettuleruut3</span> <span class='ocrx_word' id='word_1_209' title='bbox 1255 2741 1357 2787; x_wconf 88' lang='lat' dir='ltr'>uam.</span> 
     </span>
     <span class='ocr_line' id='line_1_25' title="bbox 148 2809 1325 2908; baseline -0.003 -19"><span class='ocrx_word' id='word_1_210' title='bbox 148 2809 153 2820; x_wconf 49' lang='lat'><em>⁵</em></span> <span class='ocrx_word' id='word_1_211' title='bbox 202 2809 312 2890; x_wconf 82' lang='lat' dir='ltr'>eodem</span> <span class='ocrx_word' id='word_1_212' title='bbox 336 2824 403 2889; x_wconf 91' lang='lat' dir='ltr'>iure</span> <span class='ocrx_word' id='word_1_213' title='bbox 426 2824 467 2888; x_wconf 88' lang='lat' dir='ltr'>ad</span> <span class='ocrx_word' id='word_1_214' title='bbox 500 2823 560 2888; x_wconf 88' lang='lat' dir='ltr'>iter</span> <span class='ocrx_word' id='word_1_215' title='bbox 582 2823 613 2887; x_wconf 91' lang='lat' dir='ltr'>in</span> <span class='ocrx_word' id='word_1_216' title='bbox 636 2824 814 2905; x_wconf 83' lang='lat' dir='ltr'>Aegyptum</span> <span class='ocrx_word' id='word_1_217' title='bbox 848 2823 956 2890; x_wconf 86' lang='lat' dir='ltr'>referri</span> <span class='ocrx_word' id='word_1_218' title='bbox 990 2830 1105 2908; x_wconf 85' lang='lat' dir='ltr'>potest,</span> <span class='ocrx_word' id='word_1_219' title='bbox 1129 2843 1191 2906; x_wconf 92' lang='lat' dir='ltr'>quo</span> <span class='ocrx_word' id='word_1_220' title='bbox 1215 2824 1325 2890; x_wconf 90' lang='lat' dir='ltr'>eadem</span> 
     </span>
     <span class='ocr_line' id='line_1_26' title="bbox 207 2924 1332 3010; baseline -0.002 -19"><span class='ocrx_word' id='word_1_221' title='bbox 207 2927 274 2992; x_wconf 91' lang='lat' dir='ltr'>fere</span> <span class='ocrx_word' id='word_1_222' title='bbox 300 2929 350 2992; x_wconf 87' lang='lat' dir='ltr'>via</span> <span class='ocrx_word' id='word_1_223' title='bbox 372 2924 629 3008; x_wconf 82' lang='lat' dir='ltr'>proficiscendum</span> <span class='ocrx_word' id='word_1_224' title='bbox 657 2932 727 2991; x_wconf 88' lang='lat' dir='ltr'>erat</span> <span class='ocrx_word' id='word_1_225' title='bbox 749 2945 811 3007; x_wconf 92' lang='lat' dir='ltr'>qua</span> <span class='ocrx_word' id='word_1_226' title='bbox 834 2926 864 2990; x_wconf 93' lang='lat' dir='ltr'>iu</span> <span class='ocrx_word' id='word_1_227' title='bbox 887 2926 1017 3008; x_wconf 82' lang='lat' dir='ltr'>Syriam.</span> <span class='ocrx_word' id='word_1_228' title='bbox 1063 2926 1109 2994; x_wconf 88' lang='lat' dir='ltr'>Re</span> <span class='ocrx_word' id='word_1_229' title='bbox 1136 2927 1166 2990; x_wconf 92' lang='lat' dir='ltr'>in</span> <span class='ocrx_word' id='word_1_230' title='bbox 1189 2927 1332 3010; x_wconf 80' lang='lat' dir='ltr'>Aegypto</span> 
     </span>
    </p>

    <p class='ocr_par' dir='ltr' id='par_1_4' title="bbox 160 3011 1373 3713">
     <span class='ocr_line' id='line_1_27' title="bbox 160 3011 1373 3111; baseline 0 -17"><span class='ocrx_word' id='word_1_231' title='bbox 160 3081 162 3086; x_wconf 94' lang='lat'>.</span> <span class='ocrx_word' id='word_1_232' title='bbox 201 3032 365 3096; x_wconf 75' lang='lat' dir='ltr'>‹lacertata</span> <span class='ocrx_word' id='word_1_233' title='bbox 380 3029 517 3094; x_wconf 90' lang='lat' dir='ltr'>Messala</span> <span class='ocrx_word' id='word_1_234' title='bbox 533 3029 788 3110; x_wconf 83' lang='lat' dir='ltr'>proconsulatum</span> <span class='ocrx_word' id='word_1_235' title='bbox 812 3030 889 3094; x_wconf 89' lang='lat' dir='ltr'>iniit.</span> <span class='ocrx_word' id='word_1_236' title='bbox 936 3029 1104 3096; x_wconf 91' lang='lat' dir='ltr'>Occasione</span> <span class='ocrx_word' id='word_1_237' title='bbox 1121 3029 1197 3094; x_wconf 88' lang='lat' dir='ltr'>data</span> <span class='ocrx_word' id='word_1_238' title='bbox 1211 3028 1330 3111; x_wconf 83' lang='lat' dir='ltr'>gladia·</span> <span class='ocrx_word' id='word_1_239' title='bbox 1366 3011 1373 3025; x_wconf 57' lang='lat'><strong>⁹</strong></span> 
     </span>
     <span class='ocr_line' id='line_1_28' title="bbox 202 3131 1330 3214; baseline -0.002 -16"><span class='ocrx_word' id='word_1_240' title='bbox 202 3134 295 3198; x_wconf 92' lang='lat' dir='ltr'>dores</span> <span class='ocrx_word' id='word_1_241' title='bbox 319 3134 467 3198; x_wconf 81' lang='lat' dir='ltr'>exstinxit</span> <span class='ocrx_word' id='word_1_242' title='bbox 489 3152 588 3214; x_wconf 90' lang='lat' dir='ltr'>caque</span> <span class='ocrx_word' id='word_1_243' title='bbox 622 3152 656 3196; x_wconf 89' lang='lat' dir='ltr'>re</span> <span class='ocrx_word' id='word_1_244' title='bbox 680 3132 855 3214; x_wconf 77' lang='lat' dir='ltr'>Augustum</span> <span class='ocrx_word' id='word_1_245' title='bbox 890 3133 1131 3214; x_wconf 91' lang='lat' dir='ltr'>inperpetuum</span> <span class='ocrx_word' id='word_1_246' title='bbox 1160 3133 1271 3196; x_wconf 89' lang='lat' dir='ltr'>timore</span> <span class='ocrx_word' id='word_1_247' title='bbox 1294 3131 1330 3196; x_wconf 90' lang='lat' dir='ltr'>li-</span> 
     </span>
     <span class='ocr_line' id='line_1_29' title="bbox 200 3235 1325 3316; baseline -0.004 -14"><span class='ocrx_word' id='word_1_248' title='bbox 200 3237 332 3302; x_wconf 87' lang='lat' dir='ltr'>beravit·</span> <span class='ocrx_word' id='word_1_249' title='bbox 347 3255 455 3302; x_wconf 88' lang='lat' dir='ltr'>eorum</span> <span class='ocrx_word' id='word_1_250' title='bbox 483 3235 642 3300; x_wconf 90' lang='lat' dir='ltr'>hominum</span> <span class='ocrx_word' id='word_1_251' title='bbox 677 3235 729 3315; x_wconf 91' lang='lat' dir='ltr'>qui</span> <span class='ocrx_word' id='word_1_252' title='bbox 751 3235 917 3316; x_wconf 92' lang='lat' dir='ltr'>periculosi</span> <span class='ocrx_word' id='word_1_253' title='bbox 940 3235 1126 3302; x_wconf 86' lang='lat' dir='ltr'>videbantur</span> <span class='ocrx_word' id='word_1_254' title='bbox 1158 3240 1191 3299; x_wconf 94' lang='lat' dir='ltr'>et</span> <span class='ocrx_word' id='word_1_255' title='bbox 1212 3253 1325 3299; x_wconf 88' lang='lat' dir='ltr'>novam</span> 
     </span>
     <span class='ocr_line' id='line_1_30' title="bbox 201 3337 1328 3418; baseline -0.004 -13"><span class='ocrx_word' id='word_1_256' title='bbox 201 3339 387 3405; x_wconf 80' lang='lat' dir='ltr'>seditionem</span> <span class='ocrx_word' id='word_1_257' title='bbox 411 3338 502 3403; x_wconf 84' lang='lat' dir='ltr'>facile</span> <span class='ocrx_word' id='word_1_258' title='bbox 527 3340 675 3405; x_wconf 87' lang='lat' dir='ltr'>moturi..</span> <span class='ocrx_word' id='word_1_259' title='bbox 705 3337 923 3403; x_wconf 88' lang='lat' dir='ltr'>Proconsulari</span> <span class='ocrx_word' id='word_1_260' title='bbox 963 3356 1090 3402; x_wconf 90' lang='lat' dir='ltr'>munere</span> <span class='ocrx_word' id='word_1_261' title='bbox 1113 3357 1170 3418; x_wconf 93' lang='lat' dir='ltr'>per</span> <span class='ocrx_word' id='word_1_262' title='bbox 1192 3356 1328 3402; x_wconf 90' lang='lat' dir='ltr'>aunuum</span> 
     </span>
     <span class='ocr_line' id='line_1_31' title="bbox 201 3440 1329 3524; baseline -0.005 -16"><span class='ocrx_word' id='word_1_263' title='bbox 201 3452 327 3524; x_wconf 89' lang='lat' dir='ltr'>tempus</span> <span class='ocrx_word' id='word_1_264' title='bbox 349 3441 474 3506; x_wconf 88' lang='lat' dir='ltr'>functus</span> <span class='ocrx_word' id='word_1_265' title='bbox 498 3461 526 3506; x_wconf 90' lang='lat' dir='ltr'>a.</span> <span class='ocrx_word' id='word_1_266' title='bbox 552 3444 612 3505; x_wconf 74' lang='grc'>725</span> <span class='ocrx_word' id='word_1_267' title='bbox 636 3441 766 3506; x_wconf 88' lang='lat' dir='ltr'>Romam</span> <span class='ocrx_word' id='word_1_268' title='bbox 801 3441 895 3505; x_wconf 89' lang='lat' dir='ltr'>rediit</span> <span class='ocrx_word' id='word_1_269' title='bbox 923 3440 1058 3506; x_wconf 85' lang='lat' dir='ltr'>fortasse</span> <span class='ocrx_word' id='word_1_270' title='bbox 1092 3459 1162 3504; x_wconf 91' lang='lat' dir='ltr'>cum</span> <span class='ocrx_word' id='word_1_271' title='bbox 1185 3442 1329 3520; x_wconf 82' lang='lat' dir='ltr'>Augusto</span> 
     </span>
     <span class='ocr_line' id='line_1_32' title="bbox 205 3543 1330 3627; baseline -0.004 -16"><span class='ocrx_word' id='word_1_272' title='bbox 205 3547 310 3627; x_wconf 85' lang='lat' dir='ltr'>ibique</span> <span class='ocrx_word' id='word_1_273' title='bbox 334 3551 545 3611; x_wconf 88' lang='lat' dir='ltr'>commoratus</span> <span class='ocrx_word' id='word_1_274' title='bbox 570 3549 741 3624; x_wconf 87' lang='lat' dir='ltr'>estusque</span> <span class='ocrx_word' id='word_1_275' title='bbox 774 3545 853 3608; x_wconf 90' lang='lat' dir='ltr'>dum·</span> <span class='ocrx_word' id='word_1_276' title='bbox 872 3544 911 3608; x_wconf 91' lang='lat' dir='ltr'>ad</span> <span class='ocrx_word' id='word_1_277' title='bbox 934 3544 1107 3624; x_wconf 84' lang='lat' dir='ltr'>Aquitanos</span> <span class='ocrx_word' id='word_1_278' title='bbox 1130 3543 1330 3607; x_wconf 86' lang='lat' dir='ltr'>debellandos</span> 
     </span>
     <span class='ocr_line' id='line_1_33' title="bbox 204 3646 1253 3713; baseline -0.002 0"><span class='ocrx_word' id='word_1_279' title='bbox 204 3649 319 3713; x_wconf 85' lang='lat' dir='ltr'>missus</span> <span class='ocrx_word' id='word_1_280' title='bbox 343 3654 399 3713; x_wconf 89' lang='lat' dir='ltr'>est.</span> <span class='ocrx_word' id='word_1_281' title='bbox 1251 3646 1253 3651; x_wconf 80' lang='grc'><strong>’</strong></span> 
     </span>
    </p>
   </div>
   <div class='ocr_carea' id='block_1_4' title="bbox 203 3765 1329 4362">
    <p class='ocr_par' dir='ltr' id='par_1_5' title="bbox 203 3765 1329 4362">
     <span class='ocr_line' id='line_1_34' title="bbox 291 3765 1329 3852; baseline -0.005 -18"><span class='ocrx_word' id='word_1_282' title='bbox 291 3769 351 3834; x_wconf 87' lang='lat' dir='ltr'>llic</span> <span class='ocrx_word' id='word_1_283' title='bbox 374 3769 472 3852; x_wconf 85' lang='lat' dir='ltr'>igitur</span> <span class='ocrx_word' id='word_1_284' title='bbox 506 3765 611 3832; x_wconf 89' lang='lat' dir='ltr'>evadit</span> <span class='ocrx_word' id='word_1_285' title='bbox 633 3785 671 3831; x_wconf 91' lang='lat' dir='ltr'>ex</span> <span class='ocrx_word' id='word_1_286' title='bbox 695 3767 810 3832; x_wconf 88' lang='lat' dir='ltr'>nostris</span> <span class='ocrx_word' id='word_1_287' title='bbox 833 3767 1006 3831; x_wconf 87' lang='lat' dir='ltr'>rationibus</span> <span class='ocrx_word' id='word_1_288' title='bbox 1041 3785 1150 3830; x_wconf 91' lang='lat' dir='ltr'>cursus</span> <span class='ocrx_word' id='word_1_289' title='bbox 1172 3766 1329 3830; x_wconf 87' lang='lat' dir='ltr'>Messalae</span> 
     </span>
     <span class='ocr_line' id='line_1_35' title="bbox 205 3870 1328 3960; baseline -0.004 -23"><span class='ocrx_word' id='word_1_290' title='bbox 205 3872 290 3960; x_wconf 89' lang='lat' dir='ltr'>vitae</span> <span class='ocrx_word' id='word_1_291' title='bbox 331 3873 412 3936; x_wconf 93' lang='lat' dir='ltr'>intra</span> <span class='ocrx_word' id='word_1_292' title='bbox 453 3890 550 3936; x_wconf 89' lang='lat' dir='ltr'>annos</span> <span class='ocrx_word' id='word_1_293' title='bbox 586 3871 647 3932; x_wconf 79' lang='grc'>723</span> <span class='ocrx_word' id='word_1_294' title='bbox 685 3876 717 3933; x_wconf 87' lang='lat' dir='ltr'>ot</span> <span class='ocrx_word' id='word_1_295' title='bbox 763 3871 833 3934; x_wconf 75' lang='grc'>727.</span> <span class='ocrx_word' id='word_1_296' title='bbox 878 3870 1049 3950; x_wconf 88' lang='lat' dir='ltr'>Postquam</span> <span class='ocrx_word' id='word_1_297' title='bbox 1083 3870 1167 3948; x_wconf 90' lang='lat' dir='ltr'>apud</span> <span class='ocrx_word' id='word_1_298' title='bbox 1204 3870 1328 3934; x_wconf 83' lang='lat' dir='ltr'>Actium</span> 
     </span>
     <span class='ocr_line' id='line_1_36' title="bbox 203 3970 1329 4056; baseline -0.005 -16"><span class='ocrx_word' id='word_1_299' title='bbox 203 3976 287 4056; x_wconf 92' lang='lat' dir='ltr'>parti</span> <span class='ocrx_word' id='word_1_300' title='bbox 324 3975 445 4039; x_wconf 86' lang='lat' dir='ltr'>cuidam</span> <span class='ocrx_word' id='word_1_301' title='bbox 494 3974 601 4040; x_wconf 89' lang='lat' dir='ltr'>classis</span> <span class='ocrx_word' id='word_1_302' title='bbox 649 3970 786 4053; x_wconf 89' lang='lat' dir='ltr'>praefuit</span> <span class='ocrx_word' id='word_1_303' title='bbox 822 3971 979 4053; x_wconf 88' lang='lat' dir='ltr'>profectus</span> <span class='ocrx_word' id='word_1_304' title='bbox 1031 3978 1081 4036; x_wconf 86' lang='lat' dir='ltr'>cst</span> <span class='ocrx_word' id='word_1_305' title='bbox 1127 3971 1159 4035; x_wconf 91' lang='lat' dir='ltr'>in</span> <span class='ocrx_word' id='word_1_306' title='bbox 1207 3971 1329 4053; x_wconf 79' lang='lat' dir='ltr'>Acgyp-</span> 
     </span>
     <span class='ocr_line' id='line_1_37' title="bbox 204 4074 1329 4156; baseline -0.003 -14"><span class='ocrx_word' id='word_1_307' title='bbox 204 4086 271 4143; x_wconf 88' lang='lat' dir='ltr'>tum</span> <span class='ocrx_word' id='word_1_308' title='bbox 310 4078 362 4142; x_wconf 90' lang='lat' dir='ltr'>ubi</span> <span class='ocrx_word' id='word_1_309' title='bbox 399 4078 531 4142; x_wconf 89' lang='lat' dir='ltr'>interest</span> <span class='ocrx_word' id='word_1_310' title='bbox 560 4075 678 4141; x_wconf 90' lang='lat' dir='ltr'>ultimis</span> <span class='ocrx_word' id='word_1_311' title='bbox 715 4076 746 4141; x_wconf 91' lang='lat' dir='ltr'>in</span> <span class='ocrx_word' id='word_1_312' title='bbox 776 4076 968 4140; x_wconf 82' lang='lat' dir='ltr'>Antonianos</span> <span class='ocrx_word' id='word_1_313' title='bbox 1006 4074 1141 4156; x_wconf 90' lang='lat' dir='ltr'>proeliis.</span> <span class='ocrx_word' id='word_1_314' title='bbox 1192 4075 1238 4138; x_wconf 93' lang='lat' dir='ltr'>Ro</span> <span class='ocrx_word' id='word_1_315' title='bbox 1276 4075 1329 4139; x_wconf 91' lang='lat' dir='ltr'>de·</span> 
     </span>
     <span class='ocr_line' id='line_1_38' title="bbox 203 4177 1326 4262; baseline -0.004 -16"><span class='ocrx_word' id='word_1_316' title='bbox 203 4181 321 4246; x_wconf 80' lang='lat' dir='ltr'>bellate</span> <span class='ocrx_word' id='word_1_317' title='bbox 363 4186 489 4261; x_wconf 91' lang='lat' dir='ltr'>praeest</span> <span class='ocrx_word' id='word_1_318' title='bbox 527 4180 635 4262; x_wconf 87' lang='lat' dir='ltr'>Syriae</span> <span class='ocrx_word' id='word_1_319' title='bbox 673 4177 858 4258; x_wconf 85' lang='lat' dir='ltr'>Ciliciaeque</span> <span class='ocrx_word' id='word_1_320' title='bbox 903 4177 1117 4259; x_wconf 89' lang='lat' dir='ltr'>proconsulari</span> <span class='ocrx_word' id='word_1_321' title='bbox 1158 4182 1326 4258; x_wconf 88' lang='lat' dir='ltr'>potestate.</span> 
     </span>
     <span class='ocr_line' id='line_1_39' title="bbox 204 4271 1329 4362; baseline -0.004 -13"><span class='ocrx_word' id='word_1_322' title='bbox 204 4285 294 4349; x_wconf 82' lang='lat' dir='ltr'>Anno</span> <span class='ocrx_word' id='word_1_323' title='bbox 318 4285 378 4350; x_wconf 79' lang='grc'>725</span> <span class='ocrx_word' id='word_1_324' title='bbox 401 4284 534 4348; x_wconf 88' lang='lat' dir='ltr'>Romam</span> <span class='ocrx_word' id='word_1_325' title='bbox 567 4280 657 4348; x_wconf 90' lang='lat' dir='ltr'>redit.</span> <span class='ocrx_word' id='word_1_326' title='bbox 704 4281 851 4362; x_wconf 88' lang='lat' dir='ltr'>Sequenti</span> <span class='ocrx_word' id='word_1_327' title='bbox 878 4271 990 4346; x_wconf 86' lang='lat' dir='ltr'>¹autem</span> <span class='ocrx_word' id='word_1_328' title='bbox 1026 4299 1107 4345; x_wconf 85' lang='lat' dir='ltr'>anno</span> <span class='ocrx_word' id='word_1_329' title='bbox 1130 4280 1265 4344; x_wconf 89' lang='lat' dir='ltr'>mittitur</span> <span class='ocrx_word' id='word_1_330' title='bbox 1292 4286 1329 4344; x_wconf 92' lang='lat' dir='ltr'>ut</span> 
     </span>
    </p>
   </div>
   <div class='ocr_carea' id='block_1_5' title="bbox 205 4406 408 4416">
    <p class='ocr_par' dir='ltr' id='par_1_6' title="bbox 205 4406 408 4416">
     <span class='ocr_line' id='line_1_40' title="bbox 205 4406 408 4416; baseline -0.01 0"><span class='ocrx_word' id='word_1_331' title='bbox 205 4406 408 4416; x_wconf 76' lang='lat'>——-—-——</span> 
     </span>
    </p>
   </div>
   <div class='ocr_carea' id='block_1_6' title="bbox 187 4449 1241 4542">
    <p class='ocr_par' dir='ltr' id='par_1_7' title="bbox 187 4449 1241 4542">
     <span class='ocr_line' id='line_1_41' title="bbox 187 4449 1241 4542; baseline 0.006 -43"><span class='ocrx_word' id='word_1_332' title='bbox 187 4528 194 4542; x_wconf 38' lang='lat'><strong><em>¹</em></strong></span> <span class='ocrx_word' id='word_1_333' title='bbox 272 4455 293 4522; x_wconf 91' lang='lat'>1)</span> <span class='ocrx_word' id='word_1_334' title='bbox 311 4457 346 4515; x_wconf 73' lang='lat' dir='ltr'>cs,</span> <span class='ocrx_word' id='word_1_335' title='bbox 365 4455 527 4519; x_wconf 81' lang='lat' dir='ltr'>Marquardt‚</span> <span class='ocrx_word' id='word_1_336' title='bbox 545 4454 612 4512; x_wconf 78' lang='lat' dir='ltr'>rom.</span> <span class='ocrx_word' id='word_1_337' title='bbox 630 4453 799 4539; x_wconf 73' lang='lat' dir='ltr'>Stqatsvcrw.</span> <span class='ocrx_word' id='word_1_338' title='bbox 818 4452 831 4502; x_wconf 93' lang='lat' dir='ltr'>l</span> <span class='ocrx_word' id='word_1_339' title='bbox 849 4469 875 4518; x_wconf 85' lang='lat' dir='ltr'>p.</span> <span class='ocrx_word' id='word_1_340' title='bbox 893 4452 944 4506; x_wconf 71' lang='lat'>392</span> <span class='ocrx_word' id='word_1_341' title='bbox 963 4451 1069 4507; x_wconf 73' lang='lat' dir='ltr'>Castull.</span> <span class='ocrx_word' id='word_1_342' title='bbox 1089 4451 1156 4516; x_wconf 84' lang='grc'>10,7.</span> <span class='ocrx_word' id='word_1_343' title='bbox 1174 4449 1241 4514; x_wconf 80' lang='grc'><strong>38,9.</strong></span> 
     </span>
    </p>
   </div>
   <div class='ocr_carea' id='block_1_7' title="bbox 0 0 1582 5040">
    <p class='ocr_par' dir='ltr' id='par_1_8' title="bbox 0 0 1582 5040">
     <span class='ocr_line' id='line_1_42' title="bbox 0 0 1582 5040; baseline 0 0"><span class='ocrx_word' id='word_1_344' title='bbox 0 0 1582 5040; x_wconf 95' lang='lat' dir='ltr'> </span> 
     </span>
    </p>
   </div>
  </div>
 </body>
</html>
