<?xml version="1.0" encoding="UTF-8"?>
<!DOCTYPE html PUBLIC "-//W3C//DTD XHTML 1.0 Transitional//EN"
    "http://www.w3.org/TR/xhtml1/DTD/xhtml1-transitional.dtd">
<html xmlns="http://www.w3.org/1999/xhtml" xml:lang="en" lang="en">
 <head>
  <title>
</title>
<meta http-equiv="Content-Type" content="text/html;charset=utf-8" />
  <meta name='ocr-system' content='tesseract 3.04.00' />
  <meta name='ocr-capabilities' content='ocr_page ocr_carea ocr_par ocr_line ocrx_word'/>
</head>
<body>
  <div class='ocr_page' id='page_1' title='image "./quaestionesinti00schugoog_0037.png"; bbox 0 0 3156 5040; ppageno 0'>
   <div class='ocr_carea' id='block_1_1' title="bbox 739 240 951 310">
    <p class='ocr_par' dir='ltr' id='par_1_1' title="bbox 739 240 951 310">
     <span class='ocr_line' id='line_1_1' title="bbox 739 240 951 310; baseline 0.009 -20"><span class='ocrx_word' id='word_1_1' title='bbox 739 240 951 310; x_wconf 70' lang='lat'>..32-</span> 
     </span>
    </p>
   </div>
   <div class='ocr_carea' id='block_1_2' title="bbox 201 431 1490 4527">
    <p class='ocr_par' dir='ltr' id='par_1_2' title="bbox 287 431 1476 1344">
     <span class='ocr_line' id='line_1_2' title="bbox 287 431 1411 514; baseline 0.001 -15"><span class='ocrx_word' id='word_1_2' title='bbox 287 434 369 499; x_wconf 91' lang='lat' dir='ltr'>Nam</span> <span class='ocrx_word' id='word_1_3' title='bbox 390 434 438 498; x_wconf 91' lang='lat' dir='ltr'>his</span> <span class='ocrx_word' id='word_1_4' title='bbox 462 433 565 498; x_wconf 89' lang='lat' dir='ltr'>verbis</span> <span class='ocrx_word' id='word_1_5' title='bbox 587 432 725 498; x_wconf 86' lang='lat' dir='ltr'>Tibullus</span> <span class='ocrx_word' id='word_1_6' title='bbox 753 433 806 513; x_wconf 92' lang='lat' dir='ltr'>qni</span> <span class='ocrx_word' id='word_1_7' title='bbox 846 431 980 496; x_wconf 80' lang='lat' dir='ltr'><strong>carmine</strong></span> <span class='ocrx_word' id='word_1_8' title='bbox 1015 432 1122 514; x_wconf 88' lang='lat' dir='ltr'>quinto</span> <span class='ocrx_word' id='word_1_9' title='bbox 1154 433 1252 499; x_wconf 87' lang='lat' dir='ltr'>vitam</span> <span class='ocrx_word' id='word_1_10' title='bbox 1285 432 1411 500; x_wconf 81' lang='lat' dir='ltr'><strong>felicem</strong></span> 
     </span>
     <span class='ocr_line' id='line_1_3' title="bbox 288 535 1411 622; baseline 0.002 -22"><span class='ocrx_word' id='word_1_11' title='bbox 288 556 381 618; x_wconf 86' lang='lat' dir='ltr'>quarn</span> <span class='ocrx_word' id='word_1_12' title='bbox 405 556 474 602; x_wconf 87' lang='lat' dir='ltr'>curn</span> <span class='ocrx_word' id='word_1_13' title='bbox 496 536 586 600; x_wconf 87' lang='lat' dir='ltr'>Delia</span> <span class='ocrx_word' id='word_1_14' title='bbox 608 555 642 618; x_wconf 80' lang='lat' dir='ltr'>se</span> <span class='ocrx_word' id='word_1_15' title='bbox 665 539 895 599; x_wconf 86' lang='lat' dir='ltr'>transactorum</span> <span class='ocrx_word' id='word_1_16' title='bbox 918 553 986 600; x_wconf 87' lang='lat' dir='ltr'>esse</span> <span class='ocrx_word' id='word_1_17' title='bbox 1015 535 1164 622; x_wconf 78' lang='lat' dir='ltr'>sperabat</span> <span class='ocrx_word' id='word_1_18' title='bbox 1194 536 1411 617; x_wconf 83' lang='lat' dir='ltr'>pulcherrimis</span> 
     </span>
     <span class='ocr_line' id='line_1_4' title="bbox 288 636 1412 720; baseline 0 -16"><span class='ocrx_word' id='word_1_19' title='bbox 288 639 441 708; x_wconf 89' lang='lat' dir='ltr'>coloribus</span> <span class='ocrx_word' id='word_1_20' title='bbox 464 639 633 720; x_wconf 81' lang='lat' dir='ltr'>depingens</span> <span class='ocrx_word' id='word_1_21' title='bbox 656 639 718 702; x_wconf 90' lang='lat' dir='ltr'>iam</span> <span class='ocrx_word' id='word_1_22' title='bbox 741 637 802 701; x_wconf 90' lang='lat' dir='ltr'>alia</span> <span class='ocrx_word' id='word_1_23' title='bbox 825 638 947 718; x_wconf 83' lang='lat' dir='ltr'>gaudia</span> <span class='ocrx_word' id='word_1_24' title='bbox 967 636 1108 702; x_wconf 88' lang='lat' dir='ltr'>versibus</span> <span class='ocrx_word' id='word_1_25' title='bbox 1142 639 1297 718; x_wconf 84' lang='lat' dir='ltr'>prioribus</span> <span class='ocrx_word' id='word_1_26' title='bbox 1334 659 1412 704; x_wconf 93' lang='lat' dir='ltr'>enu-</span> 
     </span>
     <span class='ocr_line' id='line_1_5' title="bbox 287 738 1412 822; baseline 0.002 -17"><span class='ocrx_word' id='word_1_27' title='bbox 287 742 420 807; x_wconf 89' lang='lat' dir='ltr'>meravit</span> <span class='ocrx_word' id='word_1_28' title='bbox 453 740 615 822; x_wconf 87' lang='lat' dir='ltr'>quaesibi</span> <span class='ocrx_word' id='word_1_29' title='bbox 648 739 828 821; x_wconf 83' lang='lat' dir='ltr'>contingant</span> <span class='ocrx_word' id='word_1_30' title='bbox 854 739 931 803; x_wconf 93' lang='lat' dir='ltr'>nihil</span> <span class='ocrx_word' id='word_1_31' title='bbox 964 738 1149 821; x_wconf 86' lang='lat' dir='ltr'>significavit</span> <span class='ocrx_word' id='word_1_32' title='bbox 1181 740 1239 806; x_wconf 91' lang='lat' dir='ltr'>nisi</span> <span class='ocrx_word' id='word_1_33' title='bbox 1274 748 1341 806; x_wconf 91' lang='lat' dir='ltr'>tum</span> <span class='ocrx_word' id='word_1_34' title='bbox 1374 761 1412 807; x_wconf 90' lang='lat' dir='ltr'>se</span> 
     </span>
     <span class='ocr_line' id='line_1_6' title="bbox 289 841 1476 924; baseline 0 -16"><span class='ocrx_word' id='word_1_35' title='bbox 289 841 462 908; x_wconf 86' lang='lat' dir='ltr'>certissima</span> <span class='ocrx_word' id='word_1_36' title='bbox 485 862 539 924; x_wconf 88' lang='lat' dir='ltr'>spe</span> <span class='ocrx_word' id='word_1_37' title='bbox 568 843 694 908; x_wconf 89' lang='lat' dir='ltr'>ductum</span> <span class='ocrx_word' id='word_1_38' title='bbox 732 861 801 908; x_wconf 89' lang='lat' dir='ltr'>esse</span> <span class='ocrx_word' id='word_1_39' title='bbox 837 842 1006 907; x_wconf 85' lang='lat' dir='ltr'>Messalam</span> <span class='ocrx_word' id='word_1_40' title='bbox 1043 843 1168 924; x_wconf 89' lang='lat' dir='ltr'>saepius</span> <span class='ocrx_word' id='word_1_41' title='bbox 1206 845 1246 909; x_wconf 90' lang='lat' dir='ltr'>ad</span> <span class='ocrx_word' id='word_1_42' title='bbox 1283 863 1317 910; x_wconf 91' lang='lat' dir='ltr'>se</span> <span class='ocrx_word' id='word_1_43' title='bbox 1353 857 1476 922; x_wconf 57' lang='lat' dir='ltr'>rus&amp;</span> 
     </span>
     <span class='ocr_line' id='line_1_7' title="bbox 288 945 1412 1027; baseline 0.003 -17"><span class='ocrx_word' id='word_1_44' title='bbox 288 947 407 1010; x_wconf 92' lang='lat' dir='ltr'>iturum</span> <span class='ocrx_word' id='word_1_45' title='bbox 431 965 500 1010; x_wconf 91' lang='lat' dir='ltr'>esse</span> <span class='ocrx_word' id='word_1_46' title='bbox 528 964 589 1026; x_wconf 94' lang='lat' dir='ltr'>quo</span> <span class='ocrx_word' id='word_1_47' title='bbox 611 945 743 1009; x_wconf 81' lang='lat' dir='ltr'>felicitas</span> <span class='ocrx_word' id='word_1_48' title='bbox 767 963 824 1009; x_wconf 89' lang='lat' dir='ltr'>sua</span> <span class='ocrx_word' id='word_1_49' title='bbox 856 950 1025 1026; x_wconf 75' lang='lat' dir='ltr'>augeretur</span> <span class='ocrx_word' id='word_1_50' title='bbox 1047 949 1079 1010; x_wconf 93' lang='lat' dir='ltr'>et</span> <span class='ocrx_word' id='word_1_51' title='bbox 1112 947 1327 1027; x_wconf 77' lang='lat' dir='ltr'>compleretur,</span> <span class='ocrx_word' id='word_1_52' title='bbox 1362 948 1412 1014; x_wconf 88' lang='lat' dir='ltr'>ita</span> 
     </span>
     <span class='ocr_line' id='line_1_8' title="bbox 289 1048 1408 1132; baseline 0.002 -19"><span class='ocrx_word' id='word_1_53' title='bbox 289 1049 413 1130; x_wconf 89' lang='lat' dir='ltr'>quidem</span> <span class='ocrx_word' id='word_1_54' title='bbox 436 1054 471 1112; x_wconf 92' lang='lat' dir='ltr'>ut</span> <span class='ocrx_word' id='word_1_55' title='bbox 493 1067 531 1114; x_wconf 83' lang='lat' dir='ltr'>ex</span> <span class='ocrx_word' id='word_1_56' title='bbox 554 1049 612 1113; x_wconf 91' lang='lat' dir='ltr'>bac</span> <span class='ocrx_word' id='word_1_57' title='bbox 626 1048 760 1129; x_wconf 82' lang='lat' dir='ltr'>imagine</span> <span class='ocrx_word' id='word_1_58' title='bbox 783 1066 878 1129; x_wconf 89' lang='lat' dir='ltr'>quam</span> <span class='ocrx_word' id='word_1_59' title='bbox 894 1048 1018 1112; x_wconf 78' lang='lat' dir='ltr'>laturae</span> <span class='ocrx_word' id='word_1_60' title='bbox 1040 1048 1123 1113; x_wconf 87' lang='lat' dir='ltr'>vitae</span> <span class='ocrx_word' id='word_1_61' title='bbox 1139 1048 1296 1114; x_wconf 83' lang='lat' dir='ltr'>felicitatis</span> <span class='ocrx_word' id='word_1_62' title='bbox 1310 1055 1408 1132; x_wconf 89' lang='lat' dir='ltr'>poeta</span> 
     </span>
     <span class='ocr_line' id='line_1_9' title="bbox 289 1139 1413 1218; baseline 0.002 -2"><span class='ocrx_word' id='word_1_63' title='bbox 289 1152 391 1216; x_wconf 89' lang='lat' dir='ltr'>animo</span> <span class='ocrx_word' id='word_1_64' title='bbox 426 1151 484 1216; x_wconf 91' lang='lat' dir='ltr'>sibi</span> <span class='ocrx_word' id='word_1_65' title='bbox 506 1139 594 1216; x_wconf 83' lang='lat' dir='ltr'>finxit</span> <span class='ocrx_word' id='word_1_66' title='bbox 616 1150 692 1216; x_wconf 93' lang='lat' dir='ltr'>nihil</span> <span class='ocrx_word' id='word_1_67' title='bbox 714 1150 753 1215; x_wconf 91' lang='lat' dir='ltr'>de</span> <span class='ocrx_word' id='word_1_68' title='bbox 766 1143 912 1216; x_wconf 82' lang='lat' dir='ltr'>&#39;adventu</span> <span class='ocrx_word' id='word_1_69' title='bbox 939 1150 989 1215; x_wconf 89' lang='lat' dir='ltr'>vel</span> <span class='ocrx_word' id='word_1_70' title='bbox 1020 1149 1124 1216; x_wconf 91' lang='lat' dir='ltr'>reditu</span> <span class='ocrx_word' id='word_1_71' title='bbox 1146 1151 1303 1218; x_wconf 86' lang='lat' dir='ltr'>Messalae</span> <span class='ocrx_word' id='word_1_72' title='bbox 1337 1171 1413 1218; x_wconf 89' lang='lat' dir='ltr'>con·</span> 
     </span>
     <span class='ocr_line' id='line_1_10' title="bbox 289 1254 873 1344; baseline 0 -26"><span class='ocrx_word' id='word_1_73' title='bbox 289 1254 370 1318; x_wconf 91' lang='lat' dir='ltr'>cludi</span> <span class='ocrx_word' id='word_1_74' title='bbox 392 1254 499 1335; x_wconf 91' lang='lat' dir='ltr'>possit.</span> <span class='ocrx_word' id='word_1_75' title='bbox 870 1338 873 1344; x_wconf 24' lang='grc' dir='ltr'>Ι</span> 
     </span>
    </p>

    <p class='ocr_par' dir='ltr' id='par_1_3' title="bbox 289 1354 1490 2346">
     <span class='ocr_line' id='line_1_11' title="bbox 376 1354 1413 1444; baseline 0.001 -23"><span class='ocrx_word' id='word_1_76' title='bbox 376 1356 463 1435; x_wconf 82' lang='lat' dir='ltr'>Quae</span> <span class='ocrx_word' id='word_1_77' title='bbox 486 1376 555 1422; x_wconf 86' lang='lat' dir='ltr'>curn</span> <span class='ocrx_word' id='word_1_78' title='bbox 577 1357 628 1439; x_wconf 85' lang='lat' dir='ltr'>ita¹</span> <span class='ocrx_word' id='word_1_79' title='bbox 640 1356 707 1444; x_wconf 74' lang='lat' dir='ltr'>sint</span> <span class='ocrx_word' id='word_1_80' title='bbox 728 1354 806 1421; x_wconf 91' lang='lat' dir='ltr'>haec</span> <span class='ocrx_word' id='word_1_81' title='bbox 827 1356 878 1422; x_wconf 84' lang='lat' dir='ltr'>uia</span> <span class='ocrx_word' id='word_1_82' title='bbox 905 1374 942 1421; x_wconf 88' lang='lat' dir='ltr'>ac</span> <span class='ocrx_word' id='word_1_83' title='bbox 964 1357 1044 1422; x_wconf 90' lang='lat' dir='ltr'>ratio</span> <span class='ocrx_word' id='word_1_84' title='bbox 1066 1361 1103 1421; x_wconf 94' lang='lat' dir='ltr'>ut</span> <span class='ocrx_word' id='word_1_85' title='bbox 1124 1357 1265 1424; x_wconf 89' lang='lat' dir='ltr'>ordinem</span> <span class='ocrx_word' id='word_1_86' title='bbox 1297 1359 1413 1438; x_wconf 91' lang='lat' dir='ltr'>proba-</span> 
     </span>
     <span class='ocr_line' id='line_1_12' title="bbox 291 1458 1412 1540; baseline 0.002 -17"><span class='ocrx_word' id='word_1_87' title='bbox 291 1459 385 1524; x_wconf 86' lang='lat' dir='ltr'>bilem</span> <span class='ocrx_word' id='word_1_88' title='bbox 409 1460 578 1524; x_wconf 81' lang='lat' dir='ltr'>carminum</span> <span class='ocrx_word' id='word_1_89' title='bbox 601 1459 633 1523; x_wconf 94' lang='lat' dir='ltr'>in</span> <span class='ocrx_word' id='word_1_90' title='bbox 654 1458 775 1523; x_wconf 83' lang='lat' dir='ltr'>Dabam</span> <span class='ocrx_word' id='word_1_91' title='bbox 809 1458 998 1540; x_wconf 91' lang='lat' dir='ltr'>scriptorum</span> <span class='ocrx_word' id='word_1_92' title='bbox 1031 1459 1289 1524; x_wconf 86' lang='lat' dir='ltr'>const&#39;tueremus</span> <span class='ocrx_word' id='word_1_93' title='bbox 1322 1460 1412 1525; x_wconf 90' lang='lat' dir='ltr'>nobis</span> 
     </span>
     <span class='ocr_line' id='line_1_13' title="bbox 290 1560 1490 1644; baseline 0.001 -18"><span class='ocrx_word' id='word_1_94' title='bbox 290 1562 358 1626; x_wconf 87' lang='lat' dir='ltr'>visa</span> <span class='ocrx_word' id='word_1_95' title='bbox 380 1567 429 1626; x_wconf 90' lang='grc'>651</span> <span class='ocrx_word' id='word_1_96' title='bbox 449 1562 652 1644; x_wconf 81' lang='lat' dir='ltr'>ingredienda</span> <span class='ocrx_word' id='word_1_97' title='bbox 685 1566 720 1627; x_wconf 94' lang='lat' dir='ltr'>ut</span> <span class='ocrx_word' id='word_1_98' title='bbox 741 1560 943 1643; x_wconf 85' lang='lat' dir='ltr'>respiciamus</span> <span class='ocrx_word' id='word_1_99' title='bbox 967 1562 1019 1642; x_wconf 90' lang='lat' dir='ltr'>qni</span> <span class='ocrx_word' id='word_1_100' title='bbox 1043 1562 1086 1626; x_wconf 89' lang='lat' dir='ltr'>sit</span> <span class='ocrx_word' id='word_1_101' title='bbox 1097 1580 1282 1644; x_wconf 84' lang='lat' dir='ltr'>progressus</span> <span class='ocrx_word' id='word_1_102' title='bbox 1305 1581 1412 1628; x_wconf 88' lang='lat' dir='ltr'>rerum</span> <span class='ocrx_word' id='word_1_103' title='bbox 1488 1637 1490 1643; x_wconf 11' lang='lat' dir='ltr'>k</span> 
     </span>
     <span class='ocr_line' id='line_1_14' title="bbox 294 1663 1412 1747; baseline 0.001 -19"><span class='ocrx_word' id='word_1_104' title='bbox 294 1669 327 1728; x_wconf 93' lang='lat' dir='ltr'>et</span> <span class='ocrx_word' id='word_1_105' title='bbox 349 1664 575 1732; x_wconf 90' lang='lat' dir='ltr'>sententiarum</span> <span class='ocrx_word' id='word_1_106' title='bbox 606 1665 638 1728; x_wconf 93' lang='lat' dir='ltr'>in</span> <span class='ocrx_word' id='word_1_107' title='bbox 671 1663 814 1746; x_wconf 81' lang='lat' dir='ltr'>singulis3</span> <span class='ocrx_word' id='word_1_108' title='bbox 848 1682 928 1745; x_wconf 89' lang='lat' dir='ltr'>quae</span> <span class='ocrx_word' id='word_1_109' title='bbox 963 1664 1089 1746; x_wconf 91' lang='lat' dir='ltr'>quidem</span> <span class='ocrx_word' id='word_1_110' title='bbox 1123 1665 1266 1747; x_wconf 87' lang='lat' dir='ltr'>quaestio</span> <span class='ocrx_word' id='word_1_111' title='bbox 1300 1666 1330 1730; x_wconf 91' lang='lat' dir='ltr'>in</span> <span class='ocrx_word' id='word_1_112' title='bbox 1366 1666 1412 1729; x_wconf 92' lang='lat' dir='ltr'>eis</span> 
     </span>
     <span class='ocr_line' id='line_1_15' title="bbox 289 1766 1411 1858; baseline 0.001 -28"><span class='ocrx_word' id='word_1_113' title='bbox 289 1767 369 1848; x_wconf 55' lang='lat' dir='ltr'>,ipsis</span> <span class='ocrx_word' id='word_1_114' title='bbox 392 1767 578 1858; x_wconf 86' lang='lat' dir='ltr'>carminibus</span> <span class='ocrx_word' id='word_1_115' title='bbox 601 1766 769 1832; x_wconf 90' lang='lat' dir='ltr'>admodum</span> <span class='ocrx_word' id='word_1_116' title='bbox 790 1766 890 1832; x_wconf 89' lang='lat' dir='ltr'>ardua</span> <span class='ocrx_word' id='word_1_117' title='bbox 918 1772 950 1832; x_wconf 91' lang='lat' dir='ltr'>et</span> <span class='ocrx_word' id='word_1_118' title='bbox 981 1767 1131 1848; x_wconf 91' lang='lat' dir='ltr'>impedita</span> <span class='ocrx_word' id='word_1_119' title='bbox 1165 1774 1214 1832; x_wconf 90' lang='grc'>651</span> <span class='ocrx_word' id='word_1_120' title='bbox 1246 1767 1320 1848; x_wconf 87' lang='lat' dir='ltr'>quia</span> <span class='ocrx_word' id='word_1_121' title='bbox 1353 1767 1411 1833; x_wconf 90' lang='lat' dir='ltr'>nisi</span> 
     </span>
     <span class='ocr_line' id='line_1_16' title="bbox 294 1868 1408 1951; baseline 0.002 -19"><span class='ocrx_word' id='word_1_122' title='bbox 294 1870 332 1933; x_wconf 92' lang='lat' dir='ltr'>de</span> <span class='ocrx_word' id='word_1_123' title='bbox 354 1870 463 1934; x_wconf 89' lang='lat' dir='ltr'>Deliae</span> <span class='ocrx_word' id='word_1_124' title='bbox 485 1870 569 1934; x_wconf 91' lang='lat' dir='ltr'>vitae</span> <span class='ocrx_word' id='word_1_125' title='bbox 591 1869 768 1934; x_wconf 90' lang='lat' dir='ltr'>condicione</span> <span class='ocrx_word' id='word_1_126' title='bbox 789 1868 963 1949; x_wconf 87' lang='lat' dir='ltr'>probabilia</span> <span class='ocrx_word' id='word_1_127' title='bbox 992 1870 1126 1935; x_wconf 89' lang='lat' dir='ltr'>assecuti</span> <span class='ocrx_word' id='word_1_128' title='bbox 1139 1870 1253 1935; x_wconf 87' lang='lat' dir='ltr'>erimus</span> <span class='ocrx_word' id='word_1_129' title='bbox 1276 1871 1316 1934; x_wconf 93' lang='lat' dir='ltr'>de</span> <span class='ocrx_word' id='word_1_130' title='bbox 1338 1889 1408 1951; x_wconf 85' lang='lat' dir='ltr'>qua,</span> 
     </span>
     <span class='ocr_line' id='line_1_17' title="bbox 290 1971 1407 2054; baseline -0.002 -16"><span class='ocrx_word' id='word_1_131' title='bbox 290 1972 350 2038; x_wconf 91' lang='lat' dir='ltr'>etsi</span> <span class='ocrx_word' id='word_1_132' title='bbox 378 1973 524 2053; x_wconf 87' lang='lat' dir='ltr'>permulti</span> <span class='ocrx_word' id='word_1_133' title='bbox 547 1972 609 2036; x_wconf 89' lang='lat' dir='ltr'>iarn</span> <span class='ocrx_word' id='word_1_134' title='bbox 631 1971 689 2035; x_wconf 90' lang='lat' dir='ltr'>viri</span> <span class='ocrx_word' id='word_1_135' title='bbox 714 1971 798 2036; x_wconf 91' lang='lat' dir='ltr'>docti</span> <span class='ocrx_word' id='word_1_136' title='bbox 830 1971 861 2035; x_wconf 93' lang='lat' dir='ltr'>in</span> <span class='ocrx_word' id='word_1_137' title='bbox 885 1990 922 2035; x_wconf 91' lang='lat' dir='ltr'>ea</span> <span class='ocrx_word' id='word_1_138' title='bbox 954 1972 1171 2054; x_wconf 85' lang='lat' dir='ltr'>investiganda</span> <span class='ocrx_word' id='word_1_139' title='bbox 1206 1973 1407 2053; x_wconf 80' lang='lat' dir='ltr'>sudaverunt,</span> 
     </span>
     <span class='ocr_line' id='line_1_18' title="bbox 290 2072 1410 2156; baseline -0.001 -16"><span class='ocrx_word' id='word_1_140' title='bbox 290 2076 466 2140; x_wconf 89' lang='lat' dir='ltr'>etiamnunc</span> <span class='ocrx_word' id='word_1_141' title='bbox 505 2075 704 2140; x_wconf 84' lang='lat' dir='ltr'>vehementer</span> <span class='ocrx_word' id='word_1_142' title='bbox 741 2074 902 2137; x_wconf 91' lang='lat' dir='ltr'>dubitatur</span> <span class='ocrx_word' id='word_1_143' title='bbox 928 2072 1080 2156; x_wconf 86' lang='lat' dir='ltr'>firmoque</span> <span class='ocrx_word' id='word_1_144' title='bbox 1117 2074 1318 2140; x_wconf 89' lang='lat' dir='ltr'>fundamento</span> <span class='ocrx_word' id='word_1_145' title='bbox 1360 2081 1410 2139; x_wconf 91' lang='lat' dir='ltr'>sat</span> 
     </span>
     <span class='ocr_line' id='line_1_19' title="bbox 291 2175 1409 2262; baseline -0.001 -20"><span class='ocrx_word' id='word_1_146' title='bbox 291 2178 398 2242; x_wconf 91' lang='lat' dir='ltr'>stabili</span> <span class='ocrx_word' id='word_1_147' title='bbox 435 2177 526 2258; x_wconf 87' lang='lat' dir='ltr'>plane</span> <span class='ocrx_word' id='word_1_148' title='bbox 551 2195 691 2242; x_wconf 90' lang='lat' dir='ltr'>caremus</span> <span class='ocrx_word' id='word_1_149' title='bbox 729 2195 790 2258; x_wconf 91' lang='lat' dir='ltr'>quo</span> <span class='ocrx_word' id='word_1_150' title='bbox 827 2175 937 2241; x_wconf 88' lang='lat' dir='ltr'>confisi</span> <span class='ocrx_word' id='word_1_151' title='bbox 971 2181 1070 2242; x_wconf 88' lang='lat' dir='ltr'>totam</span> <span class='ocrx_word' id='word_1_152' title='bbox 1108 2178 1325 2262; x_wconf 87' lang='lat' dir='ltr'>quaestionem</span> <span class='ocrx_word' id='word_1_153' title='bbox 1363 2178 1409 2242; x_wconf 92' lang='lat' dir='ltr'>di·</span> 
     </span>
     <span class='ocr_line' id='line_1_20' title="bbox 290 2270 822 2346; baseline 0.008 -2"><span class='ocrx_word' id='word_1_154' title='bbox 290 2281 447 2346; x_wconf 90' lang='lat' dir='ltr'>rimamus.</span> <span class='ocrx_word' id='word_1_155' title='bbox 819 2270 822 2277; x_wconf 68' lang='grc'><strong>’</strong></span> 
     </span>
    </p>

    <p class='ocr_par' dir='ltr' id='par_1_4' title="bbox 290 2382 1409 2756">
     <span class='ocr_line' id='line_1_21' title="bbox 375 2382 1409 2467; baseline 0.001 -20"><span class='ocrx_word' id='word_1_156' title='bbox 375 2383 445 2467; x_wconf 85' lang='lat' dir='ltr'>Iam</span> <span class='ocrx_word' id='word_1_157' title='bbox 458 2387 590 2464; x_wconf 87' lang='lat' dir='ltr'>apparet</span> <span class='ocrx_word' id='word_1_158' title='bbox 612 2401 650 2446; x_wconf 88' lang='lat' dir='ltr'>ex</span> <span class='ocrx_word' id='word_1_159' title='bbox 667 2383 852 2447; x_wconf 89' lang='lat' dir='ltr'>carminibus</span> <span class='ocrx_word' id='word_1_160' title='bbox 875 2382 950 2462; x_wconf 91' lang='lat' dir='ltr'>ipsis</span> <span class='ocrx_word' id='word_1_161' title='bbox 974 2385 992 2446; x_wconf 76' lang='grc'>2</span> <span class='ocrx_word' id='word_1_162' title='bbox 1016 2387 1048 2448; x_wconf 89' lang='grc'>61</span> <span class='ocrx_word' id='word_1_163' title='bbox 1071 2384 1089 2447; x_wconf 89' lang='grc'>6</span> <span class='ocrx_word' id='word_1_164' title='bbox 1113 2382 1157 2447; x_wconf 90' lang='grc'>615</span> <span class='ocrx_word' id='word_1_165' title='bbox 1172 2382 1261 2448; x_wconf 88' lang='lat' dir='ltr'>nobis</span> <span class='ocrx_word' id='word_1_166' title='bbox 1276 2388 1409 2466; x_wconf 89' lang='lat' dir='ltr'>nuptam</span> 
     </span>
     <span class='ocr_line' id='line_1_22' title="bbox 290 2485 1409 2566; baseline 0 -15"><span class='ocrx_word' id='word_1_167' title='bbox 290 2487 412 2551; x_wconf 83' lang='lat' dir='ltr'>Dabam</span> <span class='ocrx_word' id='word_1_168' title='bbox 435 2505 454 2550; x_wconf 91' lang='lat' dir='ltr'>a</span> <span class='ocrx_word' id='word_1_169' title='bbox 476 2491 569 2566; x_wconf 88' lang='lat' dir='ltr'>poeta</span> <span class='ocrx_word' id='word_1_170' title='bbox 592 2486 836 2565; x_wconf 79' lang='lat' dir='ltr'>repraesentari3</span> <span class='ocrx_word' id='word_1_171' title='bbox 853 2485 1014 2549; x_wconf 90' lang='lat' dir='ltr'>dubitatur</span> <span class='ocrx_word' id='word_1_172' title='bbox 1037 2485 1137 2550; x_wconf 89' lang='lat' dir='ltr'>adhuc</span> <span class='ocrx_word' id='word_1_173' title='bbox 1160 2486 1198 2549; x_wconf 92' lang='lat' dir='ltr'>de</span> <span class='ocrx_word' id='word_1_174' title='bbox 1222 2485 1409 2551; x_wconf 87' lang='lat' dir='ltr'>carminibus</span> 
     </span>
     <span class='ocr_line' id='line_1_23' title="bbox 294 2587 1409 2669; baseline 0 -16"><span class='ocrx_word' id='word_1_175' title='bbox 294 2594 319 2656; x_wconf 87' lang='lat'>1.</span> <span class='ocrx_word' id='word_1_176' title='bbox 346 2591 373 2655; x_wconf 89' lang='lat'>3.</span> <span class='ocrx_word' id='word_1_177' title='bbox 398 2591 431 2668; x_wconf 83' lang='lat'>53</span> <span class='ocrx_word' id='word_1_178' title='bbox 455 2588 622 2668; x_wconf 92' lang='lat' dir='ltr'>dequibus</span> <span class='ocrx_word' id='word_1_179' title='bbox 646 2593 695 2652; x_wconf 92' lang='lat' dir='ltr'>est</span> <span class='ocrx_word' id='word_1_180' title='bbox 709 2606 880 2668; x_wconf 83' lang='lat' dir='ltr'>permagna</span> <span class='ocrx_word' id='word_1_181' title='bbox 903 2587 1054 2653; x_wconf 89' lang='lat' dir='ltr'>dissensio</span> <span class='ocrx_word' id='word_1_182' title='bbox 1070 2588 1205 2652; x_wconf 88' lang='lat' dir='ltr'>virorum</span> <span class='ocrx_word' id='word_1_183' title='bbox 1229 2588 1256 2653; x_wconf 92' lang='lat' dir='ltr'>d.</span> <span class='ocrx_word' id='word_1_184' title='bbox 1276 2608 1409 2669; x_wconf 91' lang='lat' dir='ltr'>quorum</span> 
     </span>
     <span class='ocr_line' id='line_1_24' title="bbox 292 2690 1022 2756; baseline -0.001 0"><span class='ocrx_word' id='word_1_185' title='bbox 292 2693 331 2756; x_wconf 92' lang='lat' dir='ltr'>de</span> <span class='ocrx_word' id='word_1_186' title='bbox 357 2692 417 2756; x_wconf 91' lang='lat' dir='ltr'>hac</span> <span class='ocrx_word' id='word_1_187' title='bbox 437 2710 471 2755; x_wconf 90' lang='lat' dir='ltr'>re</span> <span class='ocrx_word' id='word_1_188' title='bbox 494 2690 665 2756; x_wconf 89' lang='lat' dir='ltr'>sententias</span> <span class='ocrx_word' id='word_1_189' title='bbox 687 2709 767 2755; x_wconf 93' lang='lat' dir='ltr'>nunc</span> <span class='ocrx_word' id='word_1_190' title='bbox 789 2690 1022 2756; x_wconf 83' lang='lat' dir='ltr'>examinemus·</span> 
     </span>
    </p>

    <p class='ocr_par' dir='ltr' id='par_1_5' title="bbox 290 2792 1410 3080">
     <span class='ocr_line' id='line_1_25' title="bbox 376 2792 1410 2876; baseline 0.003 -18"><span class='ocrx_word' id='word_1_191' title='bbox 376 2794 421 2859; x_wconf 81' lang='lat' dir='ltr'>Ac</span> <span class='ocrx_word' id='word_1_192' title='bbox 442 2793 610 2858; x_wconf 90' lang='lat' dir='ltr'>Passovius</span> <span class='ocrx_word' id='word_1_193' title='bbox 633 2793 664 2871; x_wconf 72' lang='lat' dir='ltr'>ll.</span> <span class='ocrx_word' id='word_1_194' title='bbox 679 2793 718 2874; x_wconf 88' lang='lat' dir='ltr'>c.)</span> <span class='ocrx_word' id='word_1_195' title='bbox 753 2793 879 2874; x_wconf 90' lang='lat' dir='ltr'>quidem</span> <span class='ocrx_word' id='word_1_196' title='bbox 901 2812 970 2858; x_wconf 93' lang='lat' dir='ltr'>cum</span> <span class='ocrx_word' id='word_1_197' title='bbox 992 2792 1077 2858; x_wconf 91' lang='lat' dir='ltr'>nulla</span> <span class='ocrx_word' id='word_1_198' title='bbox 1099 2794 1233 2876; x_wconf 84' lang='lat' dir='ltr'>vestigia</span> <span class='ocrx_word' id='word_1_199' title='bbox 1255 2793 1410 2860; x_wconf 87' lang='lat' dir='ltr'>inveniret</span> 
     </span>
     <span class='ocr_line' id='line_1_26' title="bbox 292 2896 1409 2978; baseline 0 -16"><span class='ocrx_word' id='word_1_200' title='bbox 292 2897 426 2978; x_wconf 83' lang='lat' dir='ltr'>coniugii</span> <span class='ocrx_word' id='word_1_201' title='bbox 448 2897 480 2960; x_wconf 93' lang='lat' dir='ltr'>in</span> <span class='ocrx_word' id='word_1_202' title='bbox 502 2896 636 2962; x_wconf 90' lang='lat' dir='ltr'>carmine</span> <span class='ocrx_word' id='word_1_203' title='bbox 652 2896 752 2976; x_wconf 90' lang='lat' dir='ltr'>primo</span> <span class='ocrx_word' id='word_1_204' title='bbox 775 2901 807 2962; x_wconf 95' lang='lat' dir='ltr'>et</span> <span class='ocrx_word' id='word_1_205' title='bbox 829 2896 922 2961; x_wconf 89' lang='lat' dir='ltr'>tertio</span> <span class='ocrx_word' id='word_1_206' title='bbox 945 2915 983 2960; x_wconf 90' lang='lat' dir='ltr'>ea</span> <span class='ocrx_word' id='word_1_207' title='bbox 1005 2896 1117 2962; x_wconf 87' lang='lat' dir='ltr'>viduae</span> <span class='ocrx_word' id='word_1_208' title='bbox 1139 2897 1248 2962; x_wconf 89' lang='lat' dir='ltr'>Deliae</span> <span class='ocrx_word' id='word_1_209' title='bbox 1270 2897 1409 2962; x_wconf 87' lang='lat' dir='ltr'>tribuere</span> 
     </span>
     <span class='ocr_line' id='line_1_27' title="bbox 290 2998 1410 3080; baseline 0.001 -16"><span class='ocrx_word' id='word_1_210' title='bbox 290 3019 352 3064; x_wconf 94' lang='lat' dir='ltr'>non</span> <span class='ocrx_word' id='word_1_211' title='bbox 374 2999 542 3078; x_wconf 88' lang='lat' dir='ltr'>dubitavit;</span> <span class='ocrx_word' id='word_1_212' title='bbox 566 3004 670 3064; x_wconf 91' lang='lat' dir='ltr'>cetera</span> <span class='ocrx_word' id='word_1_213' title='bbox 685 3004 799 3077; x_wconf 81' lang='lat' dir='ltr'>autem,</span> <span class='ocrx_word' id='word_1_214' title='bbox 824 2998 1001 3079; x_wconf 85' lang='lat' dir='ltr'>secundum,</span> <span class='ocrx_word' id='word_1_215' title='bbox 1018 3003 1149 3080; x_wconf 86' lang='lat' dir='ltr'>sextum,</span> <span class='ocrx_word' id='word_1_216' title='bbox 1174 3000 1316 3080; x_wconf 92' lang='lat' dir='ltr'>quintum</span> <span class='ocrx_word' id='word_1_217' title='bbox 1337 3006 1410 3080; x_wconf 91' lang='lat' dir='ltr'>post</span> 
     </span>
    </p>

    <p class='ocr_par' dir='ltr' id='par_1_6' title="bbox 201 3101 1458 4108">
     <span class='ocr_line' id='line_1_28' title="bbox 201 3101 1410 3183; baseline 0 -17"><span class='ocrx_word' id='word_1_218' title='bbox 201 3125 203 3131; x_wconf 95' lang='lat'>·</span> <span class='ocrx_word' id='word_1_219' title='bbox 291 3102 521 3168; x_wconf 91' lang='lat' dir='ltr'>matrimonium</span> <span class='ocrx_word' id='word_1_220' title='bbox 543 3120 563 3166; x_wconf 89' lang='lat' dir='ltr'>a</span> <span class='ocrx_word' id='word_1_221' title='bbox 584 3101 674 3166; x_wconf 92' lang='lat' dir='ltr'>Delia</span> <span class='ocrx_word' id='word_1_222' title='bbox 695 3101 814 3166; x_wconf 90' lang='lat' dir='ltr'>Tibullo</span> <span class='ocrx_word' id='word_1_223' title='bbox 837 3103 966 3166; x_wconf 88' lang='lat' dir='ltr'>absente</span> <span class='ocrx_word' id='word_1_224' title='bbox 988 3101 1099 3167; x_wconf 92' lang='lat' dir='ltr'>initum</span> <span class='ocrx_word' id='word_1_225' title='bbox 1130 3103 1247 3183; x_wconf 84' lang='lat' dir='ltr'>scripta</span> <span class='ocrx_word' id='word_1_226' title='bbox 1269 3121 1338 3167; x_wconf 92' lang='lat' dir='ltr'>csse</span> <span class='ocrx_word' id='word_1_227' title='bbox 1361 3121 1410 3168; x_wconf 86' lang='lat' dir='ltr'>ar·</span> 
     </span>
     <span class='ocr_line' id='line_1_29' title="bbox 289 3202 1407 3285; baseline 0.002 -16"><span class='ocrx_word' id='word_1_228' title='bbox 289 3206 425 3270; x_wconf 88' lang='lat' dir='ltr'>bitratus</span> <span class='ocrx_word' id='word_1_229' title='bbox 448 3208 505 3270; x_wconf 90' lang='grc'><strong>651.</strong></span> <span class='ocrx_word' id='word_1_230' title='bbox 550 3202 689 3280; x_wconf 81' lang='lat' dir='ltr'>Quorum</span> <span class='ocrx_word' id='word_1_231' title='bbox 704 3204 830 3285; x_wconf 89' lang='lat' dir='ltr'>quidem</span> <span class='ocrx_word' id='word_1_232' title='bbox 853 3204 884 3268; x_wconf 95' lang='lat' dir='ltr'>in</span> <span class='ocrx_word' id='word_1_233' title='bbox 908 3204 1016 3285; x_wconf 89' lang='lat' dir='ltr'>quinto</span> <span class='ocrx_word' id='word_1_234' title='bbox 1032 3204 1140 3270; x_wconf 89' lang='lat' dir='ltr'>Deliae</span> <span class='ocrx_word' id='word_1_235' title='bbox 1162 3204 1268 3270; x_wconf 90' lang='lat' dir='ltr'>mariti</span> <span class='ocrx_word' id='word_1_236' title='bbox 1290 3205 1407 3271; x_wconf 91' lang='lat' dir='ltr'>mentio</span> 
     </span>
     <span class='ocr_line' id='line_1_30' title="bbox 290 3305 1408 3389; baseline 0.001 -18"><span class='ocrx_word' id='word_1_237' title='bbox 290 3327 351 3372; x_wconf 94' lang='lat' dir='ltr'>non</span> <span class='ocrx_word' id='word_1_238' title='bbox 373 3307 456 3373; x_wconf 85' lang='lat' dir='ltr'>lacta</span> <span class='ocrx_word' id='word_1_239' title='bbox 479 3311 535 3386; x_wconf 81' lang='lat' dir='ltr'>esc,</span> <span class='ocrx_word' id='word_1_240' title='bbox 559 3324 668 3371; x_wconf 88' lang='lat' dir='ltr'>verum</span> <span class='ocrx_word' id='word_1_241' title='bbox 689 3305 747 3371; x_wconf 92' lang='lat' dir='ltr'>hoc</span> <span class='ocrx_word' id='word_1_242' title='bbox 769 3313 874 3372; x_wconf 89' lang='lat' dir='ltr'>tamen</span> <span class='ocrx_word' id='word_1_243' title='bbox 896 3306 1039 3371; x_wconf 93' lang='lat' dir='ltr'>ultimum</span> <span class='ocrx_word' id='word_1_244' title='bbox 1061 3307 1093 3372; x_wconf 93' lang='lat' dir='ltr'>in</span> <span class='ocrx_word' id='word_1_245' title='bbox 1115 3308 1173 3372; x_wconf 94' lang='lat' dir='ltr'>hoc</span> <span class='ocrx_word' id='word_1_246' title='bbox 1188 3326 1294 3372; x_wconf 88' lang='lat' dir='ltr'>amore</span> <span class='ocrx_word' id='word_1_247' title='bbox 1317 3326 1408 3389; x_wconf 83' lang='lat' dir='ltr'>prae·</span> 
     </span>
     <span class='ocr_line' id='line_1_31' title="bbox 291 3408 1409 3492; baseline 0 -16"><span class='ocrx_word' id='word_1_248' title='bbox 291 3410 380 3492; x_wconf 88' lang='lat' dir='ltr'>cipue</span> <span class='ocrx_word' id='word_1_249' title='bbox 413 3415 449 3474; x_wconf 93' lang='lat' dir='ltr'>ut</span> <span class='ocrx_word' id='word_1_250' title='bbox 471 3409 594 3474; x_wconf 87' lang='lat' dir='ltr'>videtur</span> <span class='ocrx_word' id='word_1_251' title='bbox 627 3428 665 3474; x_wconf 89' lang='lat' dir='ltr'>ea</span> <span class='ocrx_word' id='word_1_252' title='bbox 698 3409 736 3478; x_wconf 86' lang='lat' dir='ltr'>de</span> <span class='ocrx_word' id='word_1_253' title='bbox 760 3427 854 3474; x_wconf 88' lang='lat' dir='ltr'>cansa</span> <span class='ocrx_word' id='word_1_254' title='bbox 886 3408 1021 3490; x_wconf 88' lang='lat' dir='ltr'>putabat</span> <span class='ocrx_word' id='word_1_255' title='bbox 1042 3411 1126 3490; x_wconf 91' lang='lat' dir='ltr'>quod</span> <span class='ocrx_word' id='word_1_256' title='bbox 1148 3410 1294 3476; x_wconf 87' lang='lat' dir='ltr'>extremis</span> <span class='ocrx_word' id='word_1_257' title='bbox 1317 3410 1409 3476; x_wconf 89' lang='lat' dir='ltr'>huius</span> 
     </span>
     <span class='ocr_line' id='line_1_32' title="bbox 291 3506 1410 3594; baseline 0 -16"><span class='ocrx_word' id='word_1_258' title='bbox 291 3513 436 3579; x_wconf 89' lang='lat' dir='ltr'>carminis</span> <span class='ocrx_word' id='word_1_259' title='bbox 460 3511 599 3578; x_wconf 90' lang='lat' dir='ltr'>versibus</span> <span class='ocrx_word' id='word_1_260' title='bbox 627 3506 765 3577; x_wconf 82' lang='lat' dir='ltr'>Tibullus</span> <span class='ocrx_word' id='word_1_261' title='bbox 788 3512 911 3594; x_wconf 89' lang='lat' dir='ltr'>puedae</span> <span class='ocrx_word' id='word_1_262' title='bbox 938 3531 1014 3578; x_wconf 91' lang='lat' dir='ltr'>suae</span> <span class='ocrx_word' id='word_1_263' title='bbox 1056 3512 1242 3586; x_wconf 86' lang='lat' dir='ltr'>valedixisse</span> <span class='ocrx_word' id='word_1_264' title='bbox 1271 3513 1300 3578; x_wconf 90' lang='grc'>61</span> <span class='ocrx_word' id='word_1_265' title='bbox 1323 3513 1410 3578; x_wconf 85' lang='lat' dir='ltr'>uide-</span> 
     </span>
     <span class='ocr_line' id='line_1_33' title="bbox 290 3614 1410 3708; baseline -0.001 -27"><span class='ocrx_word' id='word_1_266' title='bbox 290 3616 391 3682; x_wconf 91' lang='lat' dir='ltr'>batur.</span> <span class='ocrx_word' id='word_1_267' title='bbox 438 3615 506 3696; x_wconf 81' lang='lat' dir='ltr'>Qua</span> <span class='ocrx_word' id='word_1_268' title='bbox 528 3616 560 3680; x_wconf 95' lang='lat' dir='ltr'>in</span> <span class='ocrx_word' id='word_1_269' title='bbox 592 3633 626 3682; x_wconf 91' lang='lat' dir='ltr'>re</span> <span class='ocrx_word' id='word_1_270' title='bbox 650 3634 720 3682; x_wconf 93' lang='lat' dir='ltr'>cum</span> <span class='ocrx_word' id='word_1_271' title='bbox 742 3615 780 3681; x_wconf 93' lang='lat' dir='ltr'>de</span> <span class='ocrx_word' id='word_1_272' title='bbox 807 3615 925 3708; x_wconf 88' lang='lat' dir='ltr'>ceteris</span> <span class='ocrx_word' id='word_1_273' title='bbox 948 3615 1134 3682; x_wconf 87' lang='lat' dir='ltr'>carminibus</span> <span class='ocrx_word' id='word_1_274' title='bbox 1167 3615 1250 3680; x_wconf 92' lang='lat' dir='ltr'>idem</span> <span class='ocrx_word' id='word_1_275' title='bbox 1272 3614 1338 3680; x_wconf 89' lang='lat' dir='ltr'>fere</span> <span class='ocrx_word' id='word_1_276' title='bbox 1369 3634 1410 3680; x_wconf 88' lang='lat' dir='ltr'>ac</span> 
     </span>
     <span class='ocr_line' id='line_1_34' title="bbox 289 3717 1458 3799; baseline -0.002 -16"><span class='ocrx_word' id='word_1_277' title='bbox 289 3718 456 3785; x_wconf 88' lang='lat' dir='ltr'>Passovius</span> <span class='ocrx_word' id='word_1_278' title='bbox 479 3718 631 3784; x_wconf 89' lang='lat' dir='ltr'>iudicaret</span> <span class='ocrx_word' id='word_1_279' title='bbox 653 3717 692 3783; x_wconf 91' lang='lat' dir='ltr'>ab</span> <span class='ocrx_word' id='word_1_280' title='bbox 715 3737 752 3784; x_wconf 91' lang='lat' dir='ltr'>eo</span> <span class='ocrx_word' id='word_1_281' title='bbox 767 3718 928 3784; x_wconf 86' lang='lat' dir='ltr'>Dissenius</span> <span class='ocrx_word' id='word_1_282' title='bbox 951 3718 1151 3784; x_wconf 87' lang='lat' dir='ltr'>vehementer</span> <span class='ocrx_word' id='word_1_283' title='bbox 1173 3718 1322 3784; x_wconf 91' lang='lat' dir='ltr'>dissensit</span> <span class='ocrx_word' id='word_1_284' title='bbox 1354 3718 1409 3799; x_wconf 88' lang='lat' dir='ltr'>qui</span> <span class='ocrx_word' id='word_1_285' title='bbox 1454 3741 1458 3751; x_wconf 94' lang='lat'>·</span> 
     </span>
     <span class='ocr_line' id='line_1_35' title="bbox 291 3821 1408 3902; baseline -0.002 -15"><span class='ocrx_word' id='word_1_286' title='bbox 291 3826 413 3888; x_wconf 88' lang='lat' dir='ltr'>tantum</span> <span class='ocrx_word' id='word_1_287' title='bbox 435 3822 546 3888; x_wconf 89' lang='lat' dir='ltr'>abesse</span> <span class='ocrx_word' id='word_1_288' title='bbox 579 3821 737 3887; x_wconf 87' lang='lat' dir='ltr'>contendit</span> <span class='ocrx_word' id='word_1_289' title='bbox 758 3827 794 3885; x_wconf 93' lang='lat' dir='ltr'>ut</span> <span class='ocrx_word' id='word_1_290' title='bbox 816 3825 910 3902; x_wconf 91' lang='lat' dir='ltr'>poeta</span> <span class='ocrx_word' id='word_1_291' title='bbox 936 3821 988 3886; x_wconf 93' lang='lat' dir='ltr'>illo</span> <span class='ocrx_word' id='word_1_292' title='bbox 1012 3821 1146 3886; x_wconf 89' lang='lat' dir='ltr'>carmine</span> <span class='ocrx_word' id='word_1_293' title='bbox 1180 3821 1261 3886; x_wconf 89' lang='lat' dir='ltr'>serio</span> <span class='ocrx_word' id='word_1_294' title='bbox 1284 3821 1408 3902; x_wconf 89' lang='lat' dir='ltr'>puellae</span> 
     </span>
     <span class='ocr_line' id='line_1_36' title="bbox 290 3908 1411 4005; baseline -0.001 -16"><span class='ocrx_word' id='word_1_295' title='bbox 290 3923 470 3990; x_wconf 88' lang='lat' dir='ltr'>valedicerit</span> <span class='ocrx_word' id='word_1_296' title='bbox 491 3930 527 3990; x_wconf 90' lang='lat' dir='ltr'>ut</span> <span class='ocrx_word' id='word_1_297' title='bbox 549 3908 658 3990; x_wconf 83' lang='lat' dir='ltr'>contra</span> <span class='ocrx_word' id='word_1_298' title='bbox 667 3942 706 3988; x_wconf 84' lang='lat' dir='ltr'>en</span> <span class='ocrx_word' id='word_1_299' title='bbox 727 3928 795 3989; x_wconf 90' lang='lat' dir='ltr'>tota</span> <span class='ocrx_word' id='word_1_300' title='bbox 807 3925 873 3990; x_wconf 90' lang='lat' dir='ltr'>eius</span> <span class='ocrx_word' id='word_1_301' title='bbox 886 3923 1061 3989; x_wconf 89' lang='lat' dir='ltr'>condicione</span> <span class='ocrx_word' id='word_1_302' title='bbox 1077 3923 1166 3990; x_wconf 87' lang='lat' dir='ltr'>facile</span> <span class='ocrx_word' id='word_1_303' title='bbox 1181 3924 1411 4005; x_wconf 88' lang='lat' dir='ltr'>perspiceretur</span> 
     </span>
     <span class='ocr_line' id='line_1_37' title="bbox 290 4026 1410 4108; baseline 0.001 -17"><span class='ocrx_word' id='word_1_304' title='bbox 290 4027 366 4092; x_wconf 89' lang='lat' dir='ltr'>idud</span> <span class='ocrx_word' id='word_1_305' title='bbox 399 4045 522 4108; x_wconf 88' lang='lat' dir='ltr'>quoque</span> <span class='ocrx_word' id='word_1_306' title='bbox 546 4029 591 4093; x_wconf 91' lang='lat' dir='ltr'>eis</span> <span class='ocrx_word' id='word_1_307' title='bbox 624 4028 852 4093; x_wconf 90' lang='lat' dir='ltr'>adnectendum</span> <span class='ocrx_word' id='word_1_308' title='bbox 886 4045 954 4092; x_wconf 91' lang='lat' dir='ltr'>esse</span> <span class='ocrx_word' id='word_1_309' title='bbox 977 4045 1060 4108; x_wconf 78' lang='lat' dir='ltr'>quae</span> <span class='ocrx_word' id='word_1_310' title='bbox 1085 4026 1264 4093; x_wconf 90' lang='lat' dir='ltr'>inviduam</span> <span class='ocrx_word' id='word_1_311' title='bbox 1286 4026 1410 4092; x_wconf 90' lang='lat' dir='ltr'>Deliam</span> 
     </span>
    </p>

    <p class='ocr_par' dir='ltr' id='par_1_7' title="bbox 255 4125 1413 4527">
     <span class='ocr_line' id='line_1_38' title="bbox 255 4125 1410 4213; baseline 0 -19"><span class='ocrx_word' id='word_1_312' title='bbox 255 4137 258 4144; x_wconf 83' lang='lat'>&#39;</span> <span class='ocrx_word' id='word_1_313' title='bbox 291 4130 409 4213; x_wconf 89' lang='lat' dir='ltr'>scripta</span> <span class='ocrx_word' id='word_1_314' title='bbox 443 4135 556 4196; x_wconf 90' lang='lat' dir='ltr'>essent.</span> <span class='ocrx_word' id='word_1_315' title='bbox 601 4125 710 4212; x_wconf 89' lang='lat' dir='ltr'>Neque</span> <span class='ocrx_word' id='word_1_316' title='bbox 744 4131 826 4195; x_wconf 92' lang='lat' dir='ltr'>enim</span> <span class='ocrx_word' id='word_1_317' title='bbox 857 4130 953 4195; x_wconf 91' lang='lat' dir='ltr'>ullam</span> <span class='ocrx_word' id='word_1_318' title='bbox 975 4131 1116 4195; x_wconf 90' lang='lat' dir='ltr'>voculam</span> <span class='ocrx_word' id='word_1_319' title='bbox 1149 4129 1188 4194; x_wconf 91' lang='lat' dir='ltr'>de</span> <span class='ocrx_word' id='word_1_320' title='bbox 1210 4128 1410 4194; x_wconf 89' lang='lat' dir='ltr'>matrimonio</span> 
     </span>
     <span class='ocr_line' id='line_1_39' title="bbox 289 4231 1411 4315; baseline -0.003 -17"><span class='ocrx_word' id='word_1_321' title='bbox 289 4233 366 4298; x_wconf 91' lang='lat' dir='ltr'>inito</span> <span class='ocrx_word' id='word_1_322' title='bbox 387 4233 431 4298; x_wconf 94' lang='lat' dir='ltr'>ibi</span> <span class='ocrx_word' id='word_1_323' title='bbox 452 4233 523 4315; x_wconf 81' lang='lat' dir='ltr'>legi,</span> <span class='ocrx_word' id='word_1_324' title='bbox 551 4233 644 4298; x_wconf 88' lang='lat' dir='ltr'>immo</span> <span class='ocrx_word' id='word_1_325' title='bbox 667 4251 741 4298; x_wconf 88' lang='lat' dir='ltr'>uero</span> <span class='ocrx_word' id='word_1_326' title='bbox 768 4252 824 4314; x_wconf 91' lang='lat' dir='ltr'>per</span> <span class='ocrx_word' id='word_1_327' title='bbox 839 4234 994 4315; x_wconf 84' lang='lat' dir='ltr'>integrum</span> <span class='ocrx_word' id='word_1_328' title='bbox 1024 4251 1148 4300; x_wconf 91' lang='lat' dir='ltr'>carmen</span> <span class='ocrx_word' id='word_1_329' title='bbox 1171 4235 1296 4312; x_wconf 90' lang='lat' dir='ltr'>poetam</span> <span class='ocrx_word' id='word_1_330' title='bbox 1320 4231 1411 4296; x_wconf 90' lang='lat' dir='ltr'>disci-</span> 
     </span>
     <span class='ocr_line' id='line_1_40' title="bbox 290 4334 1411 4417; baseline -0.002 -16"><span class='ocrx_word' id='word_1_331' title='bbox 290 4337 375 4402; x_wconf 92' lang='lat' dir='ltr'>dium</span> <span class='ocrx_word' id='word_1_332' title='bbox 387 4336 467 4402; x_wconf 92' lang='lat' dir='ltr'>inter</span> <span class='ocrx_word' id='word_1_333' title='bbox 490 4355 523 4401; x_wconf 93' lang='lat' dir='ltr'>se</span> <span class='ocrx_word' id='word_1_334' title='bbox 536 4341 568 4401; x_wconf 89' lang='lat' dir='ltr'>et</span> <span class='ocrx_word' id='word_1_335' title='bbox 582 4335 704 4400; x_wconf 90' lang='lat' dir='ltr'>Deliam</span> <span class='ocrx_word' id='word_1_336' title='bbox 727 4342 830 4402; x_wconf 89' lang='lat' dir='ltr'>ortmn</span> <span class='ocrx_word' id='word_1_337' title='bbox 852 4335 960 4401; x_wconf 91' lang='lat' dir='ltr'>tollere</span> <span class='ocrx_word' id='word_1_338' title='bbox 976 4335 1081 4401; x_wconf 89' lang='lat' dir='ltr'>conari</span> <span class='ocrx_word' id='word_1_339' title='bbox 1103 4353 1199 4417; x_wconf 85' lang='lat' dir='ltr'>seque</span> <span class='ocrx_word' id='word_1_340' title='bbox 1222 4335 1263 4400; x_wconf 88' lang='lat' dir='ltr'>in&#39;</span> <span class='ocrx_word' id='word_1_341' title='bbox 1276 4334 1411 4416; x_wconf 86' lang='lat' dir='ltr'>priorem</span> 
     </span>
     <span class='ocr_line' id='line_1_41' title="bbox 294 4437 1413 4527; baseline -0.004 -22"><span class='ocrx_word' id='word_1_342' title='bbox 294 4440 377 4522; x_wconf 89' lang='lat' dir='ltr'>apud</span> <span class='ocrx_word' id='word_1_343' title='bbox 399 4439 536 4523; x_wconf 91' lang='lat' dir='ltr'>puellam</span> <span class='ocrx_word' id='word_1_344' title='bbox 557 4437 686 4527; x_wconf 66' lang='lat' dir='ltr'>[statum</span> <span class='ocrx_word' id='word_1_345' title='bbox 715 4439 896 4519; x_wconf 80' lang='lat' dir='ltr'>restituerc3</span> <span class='ocrx_word' id='word_1_346' title='bbox 920 4444 1026 4520; x_wconf 85' lang='lat' dir='ltr'>atque,</span> <span class='ocrx_word' id='word_1_347' title='bbox 1051 4439 1134 4520; x_wconf 87' lang='lat' dir='ltr'>quod</span> <span class='ocrx_word' id='word_1_348' title='bbox 1155 4439 1332 4519; x_wconf 85' lang='lat' dir='ltr'>maximum,</span> <span class='ocrx_word' id='word_1_349' title='bbox 1366 4437 1413 4502; x_wconf 84' lang='lat' dir='ltr'>in-</span> 
     </span>
    </p>
   </div>
   <div class='ocr_carea' id='block_1_3' title="bbox 0 0 1587 5040">
    <p class='ocr_par' dir='ltr' id='par_1_8' title="bbox 0 0 1587 5040">
     <span class='ocr_line' id='line_1_42' title="bbox 0 0 1587 5040; baseline 0 0"><span class='ocrx_word' id='word_1_350' title='bbox 0 0 1587 5040; x_wconf 95' lang='lat' dir='ltr'> </span> 
     </span>
    </p>
   </div>
  </div>
 </body>
</html>
