3156 5040
717 213 929 276 ..14-

261 399 376 465 mando
399 399 535 482 benogen
559 400 682 464 werden
704 398 828 466 konnen
851 401 914 465 und
948 399 1004 465 aui
1024 402 1109 467 diese
1143 402 1218 484 geht
1251 421 1284 466 es
1323 420 1405 466 was

262 503 322 568 Dio
362 499 487 582 LIII-‚12
531 502 574 568 im
611 507 779 584 gegensatz
810 523 848 568 zu
881 502 1021 584 Agrippa
1063 505 1224 570 bernerkt:
1261 505 1290 570 ol
1327 505 1406 586 μὲν

261 600 375 696 λῃστὰς
408 603 683 692 συλλαμβάνοντες
706 607 735 671 οἱ
759 607 792 671 δὲ
813 604 924 680 πόλεις
957 607 1178 687 στασιαζούσας
1205 605 1406 673 καταλλάσ-

262 727 370 782 σοντες
402 711 455 772 καὶ
486 701 685 794 ἒπωρέγσντο
707 707 772 774 ’ταῖν
806 716 992 797 νικητηρίων
1024 715 1077 776 καὶ
1109 711 1260 794 ἔπεμπον
1293 704 1406 775 αὐτά.

263 805 361 896 ὁγὰρ
394 805 572 891 Αὔγουστος
603 815 656 876 καὶ
682 813 784 877 ταῦτα
824 807 977 898 ἀφθόνως
1010 817 1071 880 τισὶ
1102 812 1161 903 τήν
1187 837 1221 895 γε
1253 812 1407 900 πρώτην

262 907 439 998 ἐχαρίσατο.
483 913 519 978 ln
542 933 743 994 quonumero
760 915 914 980 Messalae
938 935 1062 997 quoque
1085 917 1260 998 triumphus
1273 915 1404 997 extat.)

154 1049 156 1054 v
261 1016 371 1098 Neque
394 1035 432 1081 ex
454 1017 588 1099 Appiani
610 1017 712 1081 verbis
737 1037 817 1098 qnae
847 1024 920 1082 sunt
952 1011 1197 1108 ναυαρχήσαντα
1230 1018 1400 1109 ἔπεμψεν

262 1115 436 1206 στρατηγὸν
459 1113 515 1185 ἐπὶ
537 1119 675 1194 Κελτούς
697 1109 1030 1201 sequitur'Messalam
1053 1141 1108 1204 pro
1133 1123 1258 1186 consule
1275 1127 1400 1186 contra

199 1293 202 1296 ,
262 1221 439 1302 Aquitanos
464 1223 594 1288 missum
617 1242 701 1300 esse;
726 1224 819 1288 immo
842 1243 912 1288 mea
935 1225 1061 1305 quidem
1084 1225 1239 1289 sententia
1261 1243 1298 1289 ex
1325 1224 1398 1289 illis

263 1324 365 1389 verbis
393 1325 565 1417 luculenter
601 1337 733 1408 apparet
766 1345 835 1390 eum
869 1347 938 1391 cnm
977 1328 1106 1410 irnperio
1140 1328 1400 1392 extraordinario

264 1447 300 1490 co
334 1428 437 1492 ivisse.
484 1428 565 1508 Nam
588 1429 831 1517 ναυαρχήσαντα
854 1429 1006 1516 ἔπεμψεν
1030 1426 1204 1517 στρατηγὸν
1227 1425 1282 1496 ἐπὶ
1309 1433 1399 1496 Κελ-

264 1529 338 1604 τούς
360 1531 436 1598 nihil
459 1530 613 1612 significat
634 1533 694 1597 nisi
728 1537 905 1614 ‚postquam
935 1534 1024 1598 classi
1048 1532 1183 1615 praefuit
1210 1533 1295 1597 misit
1317 1552 1397 1598 eum

267 1633 377 1697 ducem
400 1633 472 1697 belli
495 1639 603 1699 contra
625 1635 820 1716 Aquitanos‘

350 1753 502 1818 Videmus
525 1755 626 1837 igitur
642 1754 780 1819 infirmas
804 1774 873 1819 esse
907 1774 1017 1820 causas
1041 1755 1153 1836 quibus
1180 1755 1238 1819 viri
1271 1755 1298 1820 d.
1335 1756 1395 1820 ad-

264 1854 347 1920 ducti
372 1862 445 1921 sunt
464 1863 502 1920 ut
513 1857 682 1924 Messalam
697 1863 845 1940 putarent
866 1877 922 1940 pro
935 1859 1059 1922 consule
1072 1857 1193 1922 Galliae
1205 1856 1391 1940 praefuisse.

264 1958 380 2023 Contra
402 1959 477 2023 nihil
499 1965 653 2044 repugnat
676 1962 704 2026 ei
727 1961 861 2044 opinioni
885 1981 947 2042 qua
970 1979 1040 2024 eum
1063 1961 1094 2025 in
1117 1960 1206 2042 Syria
1219 1955 1392 2042 Ciliciaque

213 2081 220 2098 ·
264 2080 391 2126 munere
413 2064 625 2144 proconsulari
647 2064 787 2129 functum
810 2083 878 2130 esse
894 2064 1072 2129 iudicemus.
1119 2063 1196 2141 (Has
1213 2064 1391 2145 provincias

263 2164 419 2229 interdum
443 2165 500 2230 sub
523 2187 584 2234 uno
614 2167 949 2249 eodemque‘imperio
983 2167 1080 2231 fuisse
1114 2171 1223 2231 auctor
1258 2171 1307 2230 est
1326 2166 1390 2231 ‘Dio

208 2255 211 2262 ’
265 2265 392 2332 Cassius
416 2268 493 2349 Llll‚
521 2272 559 2338 l2
583 2270 619 2335 cf.
636 2269 832 2352 Marquardt
861 2276 936 2335 riim.
951 2269 1246 2351 staatsvern'altung
1267 2269 1282 2333 l
1305 2271 1390 2344 229.)

323 2402 326 2408 ·
349 2387 549 2470 deprimam
572 2391 696 2472 quidem
719 2390 885 2469 verisimile
908 2395 957 2454 est
980 2409 1016 2454 eo
1039 2395 1178 2470 tempore
1203 2389 1286 2469 quod
1309 2408 1388 2454 anno

265 2487 423 2554 consulari
445 2493 619 2574 proximum
643 2499 713 2557 erat
735 2493 924 2575 provinciam
947 2493 1115 2557 Messalam
1139 2491 1387 2570 administrasse;

265 2613 302 2656 ex
324 2599 432 2658 nostra
455 2600 560 2662 autem
583 2596 815 2678 computatione
843 2596 985 2678 seqnitur
1019 2615 1090 2660 enm
1122 2614 1173 2659 res
1206 2595 1244 2687 in,
1261 2594 1388 2659 Oriente
1434 2591 1452 2675 j

158 2682 162 2690 ’
203 2735 210 2747 ·
267 2701 339 2760 ante
362 2695 476 2762 bellum
488 2699 707 2782 Aquitanicam
731 2699 879 2782 gessisse3
892 2705 960 2764 tum
981 2690 1097 2777 autern,
1114 2698 1146 2762 id
1162 2697 1246 2780 quod
1268 2702 1389 2763 attente

266 2799 421 2880 legentem
444 2801 580 2886 elingere
602 2821 665 2866 non
686 2807 799 2885 potest,
824 2822 862 2868 ex
884 2781 991 2866 Dionis
1014 2801 1117 2866 yerbis
1141 2801 1312 2865 satisdare
1335 2819 1389 2883 ap-

265 2906 357 2982 paret
379 2902 546 2972 Messalam
569 2904 677 2988 Syriae
699 2899 875 2988 praesidem
902 2904 1007 2969 fnisse.
1052 2906 1094 2968 At
1116 2923 1153 2968 ex
1175 2923 1212 2968 eo
1235 2905 1302 2986 ipso
1323 2923 1389 2968 ma·

265 3005 412 3072 nifestum
435 3012 484 3073 est
506 3027 532 3072 a.
558 3009 618 3072 724
635 3008 670 3086 Q.
687 3009 813 3072 Didium
825 3009 933 3092 Syriae
949 2995 1130 3089 praefuisse.
1177 3006 1388 3071 Verumenim

265 3107 339 3175 nero
362 3112 495 3193 scriptor·
529 3129 658 3192 graecus
681 3130 742 3176 non
764 3110 839 3176 dicit
876 3110 909 3187 Q.
945 3109 1071 3173 Didium
1109 3115 1175 3174 toto
1213 3109 1271 3174 hoo
1308 3128 1388 3174 anno

266 3212 374 3295 Syriae
402 3213 590 3296 praescissa
614 3199 715 3294 neque
738 3219 834 3295 negat
855 3213 1024 3278 Messalam
1047 3213 1155 3277 eodem
1179 3231 1258 3276 anno
1281 3213 1389 3294 Syriae

267 3316 459 3397 praefectum
482 3316 593 3395 fuisse;
606 3317 700 3381 immo
716 3317 849 3382 indicat.¹
886 3316 966 3380 Nam
979 3334 1088 3380 sensus
1116 3316 1282 3380 verborum
1291 3307 1389 3380 huius

268 3420 427 3502 scriptoris
449 3421 516 3484 loco
540 3420 664 3500 saepius
681 3420 776 3484 citato
788 3419 895 3502 procul
908 3419 1001 3483 dubio
1024 3423 1074 3483 est
1089 3417 1153 3482 hic:
1178 3417 1388 3497 ‚Gladiatores

266 3529 432 3605 postquam
456 3543 475 3588 a
498 3522 531 3599 Q.
555 3523 647 3586 Didio
670 3523 723 3604 qui
746 3527 812 3586 tum
836 3541 862 3586 a.
888 3523 1006 3602 rasel
1028 3539 1156 3603 praeses
1180 3519 1287 3602 Syriae
1311 3528 1388 3600 erat,

267 3626 421 3690 domicilia
447 3633 646 3709 acceperunt,
685 3631 811 3708 postero
835 3626 978 3706 ,quodam
1002 3629 1141 3706 tempore
1165 3622 1215 3706 (cf.
1240 3643 1268 3705 p.
1296 3625 1348 3706 10)
1372 3643 1391 3688 a

267 3729 404 3794 Messala
417 3749 486 3794 cum
503 3729 552 3794 hic
566 3729 743 3812 provinciae
755 3732 917 3811 praeesset
939 3727 1105 3792 crudeliter
1128 3727 1273 3791 trucidati
1296 3730 1390 3798 sunt‘

267 3831 334 3895 lam
368 3851 437 3896 cum
471 3851 571 3913 neque
609 3836 801 3914 compertum
837 3831 1009 3896 habeamus
1050 3829 1174 3910 quando
1209 3829 1243 3907 Q.
1280 3830 1391 3894 Didius

267 3935 390 4025 legatus
420 3935 563 4000 Caesaris
601 3956 639 4001 ex
672 3935 829 4017 provincia
856 3934 1026 3999 decesserit
1049 3937 1081 3997 et
1109 3933 1232 4004 omnino
1268 3931 1391 3997 difficile

268 4023 310 4102 sit
345 4038 482 4120 spatium
515 4031 651 4104 muneris
674 4039 902 4120 proconsularis
925 4023 1017 4103 ce'rtis
1037 4033 1248 4119 temporibus
1264 4035 1392 4100 circnm-

268 4140 403 4206 scribcre
440 4143 585 4223 quoniam
624 4141 786 4225 proconsul
808 4148 875 4207 turn
898 4141 1023 4206 demum
1059 4138 1160 4204 officia
1193 4157 1251 4202 sna
1287 4138 1391 4204 subire

269 4244 390 4308 solebat
412 4262 482 4309 cum
514 4244 545 4309 in
581 4245 771 4326 provinciam
807 4245 966 4327 ingressus
1004 4243 1110 4326 eratl)
1142 4241 1217 4305 licet
1253 4242 1392 4312 conicere

270 4369 293 4454 '1
333 4417 355 4486 l)
372 4416 406 4472 al.
421 4417 542 4472 Monimo.
559 4413 721 4469 Stactarecbt
738 4415 781 4467 11¹
797 4413 902 4483 12:1⁸7,
923 4405 980 4474 231.
