3156 5040
618 286 660 298 ..
702 253 831 322 33..

151 446 279 506 sertam
301 459 369 505 esse
391 441 434 505 1111
458 442 584 506 carmini
607 441 843 522 pulcherrimam
867 442 1104 523 descriptionem
1126 444 1278 510 1110010-

42 535 46 542 ’
153 549 252 608 turae
276 563 369 625 quam
393 564 463 609 cum
485 545 575 609 Delia
601 564 635 609 se
663 535 894 609 transactarum
916 563 985 610 esse
1007 552 1101 625 poeta
1123 552 1274 628 speraret,

152 666 196 710 ex
231 666 294 728 qua
336 647 404 712 luce
427 647 538 730 clarius
572 653 740 729 appareret
771 648 847 711 illud
881 667 1004 713 carmen
1038 650 1171 731 tempori
1206 670 1277 716 con-

152 751 234 832 iugii
257 751 475 830 praecessisse.
519 750 600 814 Nam
623 751 649 814 si
665 750 754 814 Delia
776 751 838 814 iam
860 756 959 834 nupta
974 751 1086 816 fuisset
1108 741 1177 818 curi]
1200 753 1277 817 illud

153 871 284 918 carmen
307 859 543 935 componeretur
557 852 624 938 fieri
646 872 707 917 non
726 854 918 934 potuissent
938 860 1034 934 poeta
1049 873 1119 919 eam
1135 863 1278 936 speraret

154 975 265 1022 secum
299 975 353 1020 rus
375 957 491 1020 ituram
528 975 598 1020 esse
620 956 725 1037 ibique
758 950 822 1022 sibi·
838 957 922 1022 illam
948 954 1046 1022 vitam
1067 957 1291 1024 felicissimam¹

88 1089 90 1093 ·
153 1059 354 1124 reddituram
376 1067 471 1140 quani
494 1060 596 1123 auimo
620 1059 678 1124 sibi
706 1060 758 1124 1110
781 1060 915 1134 carmine
938 1058 1108 1152 effingeret.
1154 1061 1216 1127 Sed
1238 1063 1284 1132 ad.

157 1161 238 1227 hanc
261 1181 329 1226 rem
344 1161 426 1226 infra
448 1167 603 1241 revertar3
619 1182 700 1228 nunc
715 1163 938 1228 consideranda
953 1169 1002 1228 est
1017 1165 1171 1230 sententia
1182 1149 1280 1231 Lach-
1326 1205 1329 1214 ·

159 1264 264 1330 manni
298 1265 352 1345 qui
365 1265 407 1345 ·(1.
425 1271 473 1339 c.)
496 1270 529 1329 et
550 1265 617 1345 ipse
641 1265 766 1347 quidem
795 1266 927 1348 elegiam
949 1266 1075 1332 tertiam
1099 1272 1131 1332 et
1145 1260 1283 1348 primam·

164 1368 254 1449 priori
279 1369 395 1433 amoris
418 1367 552 1449 tempori
573 1368 683 1432 tribuit
705 1369 760 1434 sed
782 1373 957 1434 ceterorum
989 1371 1161 1452 carminum
1182 1371 1279 1436 alium

162 1476 257 1552 atque
284 1470 453 1536 Passovius
488 1476 520 1536 et
548 1470 710 1535 Dissenius
743 1472 882 1538 ordinem
913 1473 1097 1539 constituit.¹
1134 1473 1279 1540 Offensus

157 1569 240 1639 enim
262 1580 312 1640 est
334 1575 382 1660 vir
402 1593 541 1640 summus
564 1594 597 1639 v.·
616 1575 687 1656 1,56

359 1742 362 1747 .
421 1683 454 1741 et
476 1678 570 1743 sedeo
592 1678 687 1744 duras
709 1679 824 1743 ianitor
845 1683 917 1744 ante
940 1677 1026 1750 fores

157 1801 254 1864 quem
276 1781 413 1862 negabat
433 1781 497 1846 ullo
520 1781 695 1872 aliotmodo
717 1781 855 1863 intellegi
877 1801 970 1862 posse
991 1783 1052 1846 nisi
1066 1783 1189 1848 Deliam
1212 1789 1279 1849 tum

158 1905 229 1950 cum
246 1884 299 1948 illa
310 1885 421 1965 ¹elegia
436 1890 674 1965 componeretur
687 1886 750 1950 iam
764 1891 894 1966 nuptam
909 1884 1006 1950 fuisse
1022 1887 1278 1967 concederemus;

157 2007 261 2070 neque
285 1988 467 2069 cuiusquam
489 1979 684 2053 auctoritatis
708 1997 777 2053 esse
800 2007 880 2070 quae
902 1989 1064 2054 Disaenius
1094 1991 1279 2071 protulisset

157 2093 289 2173 opinans
323 2096 449 2172 poetam
481 2091 541 2156 illis
564 2092 666 2156 verbis
700 2090 873 2180 significare
895 2092 1018 2157 Deliam
1051 2112 1149 2174 usque
1184 2093 1280 2158 adid

125 2200 284 2275 ‘tempus
299 2213 457 2280 ,asperam
490 2195 621 2259 necdum
655 2195 713 2259 sibi
760 2200 826 2259 tam
858 2192 980 2272 facilem
1014 2214 1108 2276 quam
1143 2202 1278 2277 cuperet,
1322 2185 1326 2193 ’
1363 2184 1366 2190 ’
1455 2257 1460 2266 .

158 2299 231 2379 quia
255 2297 284 2361 si
305 2297 357 2362 1110
378 2298 445 2362 1000
468 2298 507 2362 de
530 2298 633 2362 animo
656 2298 820 2362 dumtaxat
841 2295 957 2361 difficili
980 2302 1012 2362 et
1031 2299 1109 2363 duro
1132 2318 1193 2380 quo
1210 2319 1280 2365 esse

157 2401 260 2494 solent
282 2401 404 2480 puellae
426 2401 521 2464 initiis
544 2387 658 2466 amoris
682 2405 766 2466 esset
787 2419 900 2482 sermo,
924 2400 1182 2468 verisimillimum
1196 2409 1282 2467 esset

158 2509 287 2584 poetam
310 2491 371 2568 non
394 2508 460 2568 tam
482 2504 583 2569 obiter
604 2504 685 2568 sicut
706 2503 757 2568 1110
780 2503 847 2568 1000
869 2503 986 2568 factum
1009 2510 1094 2569 esset
1116 2525 1187 2570 eum
1210 2525 1280 2586 per-

159 2607 341 2671 stricturum
363 2606 460 2671 fuisse
489 2625 584 2687 quam
618 2607 767 2671 acerrime
800 2607 1065 2688 impugnatorum.
1109 2607 1280 2674 Praeterea
1315 2601 1320 2610 '

107 2707 113 2714 '
159 2697 261 2789 ipsum
284 2714 411 2789 poetam
434 2709 464 2773 in
498 2711 632 2780 carmine
655 2711 762 2791 quinto
784 2728 875 2774 usum
910 2729 979 2776 esse
1012 2711 1115 2775 verbis
1149 2730 1216 2793 ,per
1248 2716 1280 2776 te

160 2811 264 2877 furtivi
292 2812 420 2888 foedera
446 2813 537 2894 lecti‘,
570 2815 651 2878 unde
689 2817 857 2894 appareret
893 2813 1148 2878 consuetudinem
1187 2819 1280 2880 antea

159 2934 338 2980 concessam
360 2922 428 2981 tum
450 2916 609 2981 turbatam
631 2935 708 2980 esse.
754 2916 841 2994 Quae
872 2916 968 2982 verba
990 2921 1026 2979 ut
1063 2916 1103 2980 ad
1136 2936 1279 2982 amorem

158 3019 377 3084 libertinarum
401 3025 474 3100 apte
497 3019 606 3084 referri
628 3024 757 3102 possent
778 3024 883 3083 tamen
905 3019 1018 3083 nullius
1040 3021 1189 3084 momenti
1211 3039 1280 3085 esse
1356 3067 1359 3074 -

157 3123 241 3203 quod
264 3122 427 3188 Dissenius
450 3123 497 3216 ad⁴
512 3142 602 3188 suam
624 3123 812 3188 sententiam
834 3121 1022 3187 fulciendam
1045 3121 1175 3187 dixisset
1196 3123 1279 3188 nullo

157 3226 251 3292 modo
274 3244 401 3306 sperare
430 3225 570 3308 potuisse
592 3225 746 3291 Tibullum
779 3225 902 3290 Deliam
935 3244 1042 3290 secum
1075 3244 1128 3290 rus
1164 3226 1280 3290 ituram

157 3315 227 3394 esse
251 3329 355 3409 ibique
377 3329 473 3394 vitam
496 3325 742 3409 transacturam,
759 3329 833 3410 quia
854 3328 938 3394 idem
960 3329 1044 3410 quod
1060 3329 1092 3393 in
1119 3315 1162 3404 el.
1186 3330 1280 3394 bsibi

157 3430 262 3496 animo
284 3430 416 3514 fingeret
447 3438 541 3514 poeta
563 3432 684 3498 aDelia
705 3433 801 3497 etiam
823 3432 923 3512 elegia
946 3423 1082 3501 secunda
1103 3431 1278 3512 petivisset,

158 3534 211 3599 ubi
234 3534 383 3620 (11001011Ι
738 3531 739 3534 '
1068 3549 1073 3558 ’
1286 3557 1289 3565 “

311 3638 383 3720 Ipse
404 3639 500 3704 boves
522 3657 593 3704 mea
615 3634 642 3703 si
663 3643 767 3703 tecum
788 3638 881 3703 modo
903 3638 994 3704 Deba
1016 3638 1134 3719 possim

278 3799 281 3806 ,
312 3742 445 3824 Iungere
468 3749 500 3808 et
522 3741 554 3806 in
576 3741 668 3807 solito
690 3759 819 3824 pascere
841 3746 947 3806 monte
969 3760 1074 3822 pecus.

245 3845 362 3924 Quodsi
384 3846 433 3911 cui
465 3844 818 3911 dubitatio'inhaereret
840 3863 889 3924 ¹ea
907 3845 964 3914 ,de
986 3863 1020 3908 re
1054 3844 1137 3924 quod
1173 3844 1279 3908 mariti
1365 3919 1368 3924 ¹
1423 3841 1436 3934 J

160 3949 276 4013 mentio
300 3968 362 4014 nou
383 3948 466 4014 facta
489 3955 574 4014 esset
595 3949 626 4012 in
660 3948 760 4030 elegia
783 3950 812 4028 5,
846 3948 878 4011 id
910 3947 1043 4028 putabat
1064 3946 1279 4012 Lachmannus

161 4069 198 4116 ea
219 4053 259 4117 de
281 4071 315 4117 re
337 4052 454 4117 factum
477 4072 548 4117 esse
571 4052 654 4134 quod
677 4052 727 4116 ille
750 4051 885 4116 consiliis
907 4047 1018 4114 Tibulli
1040 4050 1093 4132 qui
1116 4069 1152 4114 eo
1165 4051 1280 4115 sciente

161 4173 196 4218 ac
217 4157 372 4236 prudente
393 4156 476 4220 inter
498 4153 666 4220 familiares
700 4159 844 4235 receptus
879 4158 965 4218 esset
996 4172 1194 4234 nequaquam
1228 4154 1280 4219 ob

161 4255 260 4324 staret
282 4278 338 4325 nec
367 4259 537 4340 quidquam
569 4259 607 4323 de
631 4278 668 4323 eo
701 4259 868 4332 laboraret.
913 4257 1042 4322 Maximi
1067 4262 1180 4321 autem
1214 4276 1280 4321 mo-

162 4363 258 4428 menti
279 4359 346 4428 risa
369 4367 442 4427 sunt
463 4363 529 4445 viro
552 4361 731 4427 doctissimo
754 4361 815 4424 duo
839 4377 908 4424 esse
931 4366 1116 4453 argumenta
1130 4359 1278 4425 historica

163 4463 726 4546 0101.20151000111000010111
754 4455 792 4528 ex
820 4463 920 4530 altera
953 4465 995 4558 (2,
1020 4466 1069 4530 67.
1094 4465 1148 4546 68)
1184 4482 1280 4546 appa·
