3156 5040
710 259 921 322 ..33-

342 447 393 512 De
404 447 505 528 prima
527 465 563 510 ac
585 447 679 510 tertia
701 446 802 528 elegia
836 465 905 510 mea
927 448 976 511 vel
1013 465 1050 510 ex
1086 446 1124 510 iis
1165 463 1272 527 quae
1319 462 1432 524 supra

257 549 319 616 dixi
342 551 442 616 elucet
465 548 704 629 sententiaque
726 556 802 630 puto
835 549 919 613 illam
952 550 1134 615 brevissimo
1170 548 1307 631 spatio·
1346 551 1432 627 post

256 653 390 718 reditum
413 651 524 716 Tibulli
546 670 584 714 ex
607 651 741 734 Corcyra
763 653 794 716 in
831 651 948 732 urbem,
979 652 1067 731 hanc,
1105 653 1136 718 id
1177 651 1287 733 quod
1334 650 1429 714 inter

257 773 363 820 omnes
386 759 516 833 constat,
550 753 702 836 Corcyrae
737 773 805 820 csse
843 755 998 836 scriptam.
1044 756 1154 837 Neque
1193 755 1325 819 minus
1366 753 1429 816 ab·

258 858 370 924 horreo
394 877 413 921 a
435 857 625 921 Baehrensio
648 858 677 922 in
716 877 753 922 eo
790 858 873 939 quod
910 858 1040 940 elegiam
1078 858 1269 923 secundam
1310 855 1425 937 priori

258 959 374 1025 armeris
397 960 529 1040 tempori
552 960 668 1025 tribuit.
689 1026 693 1033 ,
715 960 797 1025 Nam
818 960 902 1025 nullo
925 965 1008 1026 certe
1031 961 1093 1026 alio
1125 961 1229 1026 modo
1259 962 1421 1041 possunt

258 1063 354 1129 verba
377 1081 467 1142 ‚rrova
489 1063 604 1127 limina‘
628 1069 660 1128 et
682 1082 788 1142 ,novos
811 1043 944 1128 dolores‘
978 1064 1115 1146 intellegi
1147 1063 1210 1128 nisi
1256 1064 1306 1127 de
1345 1081 1420 1126 rna-

259 1166 403 1230 trimonio
425 1165 513 1229 brevi
535 1160 627 1229 antea
649 1185 668 1230 a
690 1165 779 1229 Delia
812 1166 896 1231 inito.
941 1166 1050 1247 Neque
1086 1167 1174 1231 video
1216 1185 1296 1247 quo
1343 1165 1419 1228 iure

257 1268 370 1332 dixerit
391 1267 599 1332 Baehrensius
612 1268 669 1332 bac
681 1268 781 1348 elegia
792 1269 925 1348 primum
937 1274 1063 1349 poetam
1079 1269 1186 1333 Deliae
1199 1269 1416 1334 castitatem

257 1370 426 1435 tentavisse
450 1389 580 1451 eamque
604 1371 661 1456 sibi
685 1370 808 1436 facilem
826 1372 958 1436 reddere
982 1377 1126 1438 cenatum
1149 1390 1224 1444 esse¹
1238 1377 1280 1436 et
1293 1371 1414 1452 ipsum

257 1474 389 1538 tironem
406 1474 584 1554 ¹rudemque
606 1473 702 1539 fuisse
725 1479 791 1538 tum
829 1474 860 1538 iu
890 1475 1056 1539 amoribus.
1100 1474 1254 1560 Potuitne
1283 1492 1414 1538 revera

257 1575 467 1640 Baehrensius
490 1577 616 1641 credere
628 1595 699 1642 eum
716 1578 768 1658 qui
792 1584 860 1644 tam
884 1583 1030 1642 accurata
1058 1582 1228 1659 praecepta
1256 1583 1411 1658 tamque

61 1721 64 1728 ·
113 1767 118 1778 .
149 1679 152 1684 ’
258 1678 372 1744 callida
408 1679 534 1745 consilia
570 1679 667 1744 dabat
703 1681 743 1745 ad
780 1682 929 1746 maritum
965 1678 1133 1746 fallendum
1170 1680 1407 1760 custodesque

258 1781 455 1863 decipiendos
492 1782 602 1847 rudem
639 1784 801 1849 etiamtum
853 1784 950 1848 fuisse
986 1785 1146 1848 amorum?
1199 1783 1328 1848 Nonne
1365 1801 1405 1846 ex

259 1885 328 1966 ipsa
365 1904 403 1950 ea
445 1903 479 1950 re
515 1886 583 1950 luce
631 1888 743 1952 clarius
787 1889 919 1968 apparet
962 1888 1025 1951 iam
1062 1887 1267 1966 ¹aliquantum
1313 1890 1403 1950 tem·

257 1988 341 2070 poris
363 1988 518 2053 Tibullum
541 1989 649 2054 Amori
682 1990 827 2055 serviisse
859 1995 891 2054 et
916 1990 1051 2070 peritum
1084 1989 1221 2054 omnium
1246 1991 1399 2054 istarum
1481 1985 1482 1990 ’

256 2092 372 2157 artium
394 2091 488 2173 longa
510 2092 540 2156 in
563 2111 669 2158 amore
692 2093 803 2159 militia
824 2092 942 2158 factum
964 2094 1053 2157 esse?
1075 2092 1175 2168 dene
1195 2093 1228 2157 id
1250 2093 1397 2174 quidem

255 2195 331 2258 mihi
371 2195 579 2276 persuadetur
615 2196 756 2261 versibus
782 2199 810 2264 9.
837 2200 886 2262 57.
926 2196 966 2261 58
1003 2200 1122 2260 certum
1154 2195 1287 2261 rivalem
1326 2207 1393 2258 non

259 2295 435 2379 significari.
480 2296 522 2362 Et
544 2299 748 2364 concedamus
771 2300 842 2379 bec;
866 2305 971 2364 tamen
999 2318 1037 2368 ex
1058 2298 1135 2380 ipsis
1168 2297 1212 2362 cis
1235 2296 1391 2363 versibus

256 2404 387 2480 apparet
410 2418 479 2465 cum
500 2401 577 2466 baec
600 2400 700 2484 elegia
722 2403 906 2468 conderetur
927 2400 1021 2467 fidem
1043 2401 1151 2466 Deliae
1174 2405 1290 2481 poetae
1319 2401 1387 2464 iam

257 2490 435 2584 suspectam
457 2491 562 2568 luisse.

342 2605 403 2670 Sed
425 2607 519 2671 redeo
542 2606 582 2670 ad
605 2607 788 2672 Baehrensii
820 2609 1006 2673 senteutiam
1040 2606 1261 2688 explicandam.
1287 2605 1385 2671 >Illas

257 2715 321 2773 tres
345 2709 460 2790 elegias
483 2710 522 2774 de
545 2710 657 2790 quibus
681 2710 784 2800 adhue
804 2712 867 2776 dixi
889 2729 950 2775 uno
973 2728 1101 2791 corpore
1136 2709 1383 2790 comprehensas

258 2812 322 2876 iam
345 2817 417 2877 ante
441 2831 466 2884 a.
495 2814 556 2877 726
578 2813 609 2877 in
641 2814 742 2878 lucem
776 2815 876 2879 editas
910 2833 979 2878 esse
1002 2813 1210 2878 Baehrensius
1248 2811 1383 2896 conjecit

257 2934 294 2978 ex
316 2915 383 2980 loeo
405 2916 540 2996 quedam
563 2915 713 2982 Ouidiano
736 2917 820 2994 (trist
842 2917 887 2982 III
910 2918 984 2991 463)
1008 2918 1060 2997 qui
1083 2922 1132 2981 est

886 3020 1062 3101 legiturque
1085 3019 1223 3083 Tibullus

410 3121 453 3185 Et
474 3123 577 3202 placet
599 3128 632 3186 et
653 3124 716 3188 iam
738 3129 769 3188 te
793 3124 930 3204 principe
953 3126 1045 3187 notus
1069 3127 1145 3186 erat.

259 3225 464 3291 Octavianum
475 3243 587 3290 nomen
599 3226 745 3307 principis
762 3246 790 3312 a.
800 3228 861 3290 726
874 3227 932 3290 sibi
942 3225 1089 3290 indidisse
1102 3226 1182 3289 inter
1194 3241 1380 3288 onmescou-

258 3333 330 3394 stat.
354 3327 411 3392 Illo
424 3332 528 3394 autem
540 3329 607 3393 loce
619 3349 656 3393 ex
669 3329 912 3426 tristibuscitato
919 3329 1046 3393 Ovidius
1054 3327 1181 3408 respicit
1194 3326 1305 3402 Tibulli
1317 3326 1380 3390 ele-

258 3433 325 3512 gias
335 3431 366 3496 in
377 3432 499 3496 Deliam
512 3432 643 3512 scriptas
656 3451 691 3496 ac
701 3432 866 3513 praecipue
879 3451 933 3496 eas
946 3432 1057 3514 quibus
1069 3429 1240 3511 flagitiosos
1253 3448 1376 3494 amores

252 3534 407 3600 docuerat
429 3533 559 3600 feminas
575 3541 698 3615 nuptas,
712 3534 742 3599 id
755 3536 837 3616 quod
850 3534 886 3600 fit
907 3535 1046 3616 inprimis
1068 3533 1099 3596 in
1112 3532 1212 3613 elegia
1224 3531 1377 3612 secuuda3

259 3643 342 3701 reete
365 3637 461 3718 igitur
484 3638 607 3718 collegit
622 3637 831 3704 Baehrensius
854 3658 924 3704 eam
940 3645 1012 3702 ante
1035 3657 1062 3702 a.
1089 3637 1150 3699 726
1172 3634 1286 3716 publici
1301 3635 1378 3700 iuris

258 3738 475 3806 laetamessc.
521 3741 583 3806 Sed
604 3760 665 3806 uon
687 3740 777 3805 video
801 3761 855 3806 cur
876 3761 937 3807 non
964 3746 1054 3805 sexta
1088 3757 1211 3819 quoque
1245 3737 1379 3820 elegiam

259 3841 345 3908 cuius
368 3844 538 3924 pennultos
573 3862 697 3928 versus
719 3843 830 3908 iisdem
865 3844 930 3910 iere
964 3843 1067 3908 verbis
1104 3841 1216 3924 quibus
1238 3840 1377 3906 Tibullus

258 3964 334 4009 usus
357 3951 426 4010 erat
448 3945 576 4012 Ovidius
598 3947 629 4012 iu
653 3965 744 4012 suum
767 3966 891 4012 carmen
914 3946 1082 4013 transtulit·
1096 3950 1168 4013 aute
1192 3964 1220 4008 a.
1239 3945 1299 4008 726
1323 3965 1377 4010 na-

259 4055 325 4112 tam
348 4067 418 4113 esse
440 4049 661 4116 existimemus,
707 4050 789 4115 Nam
811 4069 882 4115 mea
903 4051 1028 4132 quidem
1052 4047 1194 4130 opinione
1228 4047 1378 4114 hocerat

260 4152 419 4216 consilium
443 4171 512 4216 cum
534 4153 621 4217 illum
643 4153 744 4217 locum
767 4154 917 4218 scriberet
939 4151 1040 4218 Ovidii
1062 4157 1101 4216 ut
1119 4151 1152 4216 id
1168 4168 1292 4215 carmen
1315 4171 1377 4234 quo

259 4255 397 4320 Tibullus
419 4255 450 4319 in
473 4256 609 4320 omnium
631 4275 740 4321 manus
763 4261 892 4322 venerat
924 4256 955 4320 in
992 4254 1172 4332 memoriam
1208 4253 1377 4336 legentium

259 4364 428 4424 revocaret.
472 4359 539 4424 lam
551 4378 620 4424 cum
635 4360 715 4424 sexti
727 4361 869 4425 carurinis
882 4379 1027 4442 magnam
1039 4363 1161 4439 partem
1184 4355 1224 4419 ad
1247 4357 1376 4422 verbum
1445 4409 1450 4424 .

261 4480 441 4546 expressam
464 4462 592 4530 emmim
614 4481 670 4530 suo
693 4463 859 4532 inseruerit
880 4463 955 4531 mibi
989 4461 1114 4548 qaudam
1151 4477 1213 4528 nou
1249 4459 1377 4562 dubium
