3156 5040
673 229 799 293 ..39
839 263 881 284 ,-

168 418 228 478 est
272 415 370 496 quin
406 417 473 497 ipso
496 435 533 481 eo
555 415 692 480 libullus
714 415 829 481 famam
867 416 1023 497 quandam
1060 415 1266 498 acquisiverit,
1304 417 1336 481 id

167 516 286 598 igitur
316 524 359 582 et
387 520 492 600 ipsum
515 522 588 586 ante
610 539 636 584 a.
657 520 717 582 720
740 519 853 599 publici
875 519 951 584 iuris
964 538 1033 584 esso
1054 519 1180 584 factum.
1226 519 1335 600 Neque

167 622 300 685 tamen
329 622 416 687 inde
445 623 586 704 sequitur
607 621 761 686 Tibullum
794 622 909 702 elegias
944 623 1077 687 edidisse
1110 620 1247 703 singulas
1281 627 1337 686 aut

169 740 315 802 paucas
345 731 479 791 tantum
501 724 754 806 comprehensam
767 725 864 788 multo
887 725 952 789 veri
975 725 1104 789 similius
1116 715 1239 789 videtur'
1255 741 1334 807 oum,

126 843 131 856 ·
170 831 214 888 ut
239 830 329 891 tum
358 829 523 893 mos'erat
545 828 739 908 scriptorum,
764 829 900 918 carmina
928 847 986 892 suc
1013 827 1119 893 amicis
1143 847 1203 909 qno
1226 828 1258 893 in
1279 848 1336 892 nu·

172 947 277 994 mero
308 921 395 996 erat
417 932 544 996 Ovidius
567 931 756 1011 recitavisse,
781 949 842 1011 quo
864 930 981 995 lactum
1003 937 1052 995 est
1079 936 1115 995 ut
1145 949 1216 994 mox
1246 931 1335 994 inno-

174 1035 380 1118 tescerent.
424 1034 519 1099 Errat
540 1033 635 1119 igitur
656 1033 864 1118 Baehrensius
888 1052 925 1097 ex
947 1033 999 1097 illo
1021 1034 1088 1098 loco
1111 1033 1262 1099 Ouidiano
1275 1034 1335 1098 col-

177 1133 302 1216 ligens
333 1138 478 1219 singulas
502 1137 602 1201 editas
625 1155 694 1202 esso
717 1137 833 1217 elegias
857 1137 997 1217 primam,
1016 1127 1192 1216 secundam,
1209 1138 1335 1201 tertiam

181 1233 266 1304 ante
300 1259 338 1306 a.
368 1243 444 1319 726;
467 1241 561 1304 immo
584 1239 666 1310 ,liber
699 1240 825 1325 primus
840 1240 871 1303 in
898 1228 1010 1317 ¹lucem,
1036 1239 1154 1320 prodiit
1187 1244 1272 1304 totus
1306 1259 1334 1306 a.

185 1341 253 1405 727
283 1346 349 1430 vel
371 1343 465 1424 paulo
487 1349 571 1424 post;
595 1361 667 1406 nam
689 1348 783 1406 antea
811 1355 881 1406 eum
915 1342 1033 1406 cditnm
1067 1361 1136 1407 esse
1170 1343 1333 1423 quominus

185 1445 428 1512 existimemus
450 1446 670 1527 impedimento
693 1451 743 1509 est
764 1445 864 1526 elegia
886 1445 1019 1525 septima
1041 1465 1070 1510 a.
1096 1447 1155 1510 727
1180 1446 1304 1527 scripta.

288 1551 388 1636 Haeo
409 1548 607 1629 habuiquae
629 1549 661 1612 in
683 1547 865 1612 Baehrensii
894 1548 1081 1622 sententiam
1114 1549 1264 1630 dicerem3
1287 1569 1335 1614 re-

192 1654 269 1714 stat
294 1653 556 1733 utdisputemus
579 1651 617 1714 de
640 1651 795 1715 sententia
818 1650 964 1733 Goetzir)
988 1652 1041 1732 qui
1062 1651 1153 1733 longe
1177 1652 1268 1716 aliter
1289 1653 1335 1717 iu-

194 1751 318 1821 dicans
343 1761 439 1836 atque
462 1755 490 1818 ei
511 1754 570 1820 viri
592 1754 675 1820 docti
697 1772 828 1834 quornm
851 1754 1021 1819 sententias
1044 1754 1144 1818 adhuc
1171 1754 1332 1824 attulimus

198 1857 302 1922 nobis
325 1859 517 1939 persuadere
551 1858 657 1922 studet
678 1857 799 1920 Deliam
833 1876 871 1922 eo
904 1862 1044 1938 tempore
1078 1876 1139 1938 quo
1173 1858 1333 1923 aTibullo

204 1962 323 2025 amari.
337 1966 448 2040 coepta
481 1966 565 2026 esset
597 1965 727 2040 nuptam
760 1959 866 2039 fuisse,
899 1965 965 2024 tum
999 1961 1064 2025 sive
1096 1967 1197 2026 morte
1230 1963 1347 2048 mariti

198 2061 280 2127 -sive
302 2064 373 2145 lege
396 2064 626 2127 matrimonium
649 2063 785 2126 solutum
808 2081 886 2141 esse,
910 2069 1004 2143 atque
1026 2062 1107 2127 hunc
1140 2065 1252 2129 statuit
1285 2084 1334 2129 or-

212 2163 316 2230 dinem
340 2157 382 2248 (2.
406 2169 434 2232 6.
459 2169 486 2232 3.
514 2168 540 2231 1.
566 2168 645 2241 blut
667 2166 803 2229 carmina
826 2183 863 2228 ea
891 2166 1003 2246 quibus
1025 2172 1123 2247 nupta
1135 2167 1225 2232 Delia
1245 2168 1333 2233 nobis

143 2351 146 2356 ,
166 2249 173 2264 ⁹
217 2274 471 2348 repraesentatur
486 2269 672 2334 antecedant
683 2273 823 2354 ternpore
836 2269 955 2332 ceteris.
998 2268 1148 2334 Rationes
1171 2269 1333 2336 aGoet'zio

216 2369 325 2437 allatas
349 2392 427 2453 quas
448 2373 621 2437 levissimas
643 2376 719 2452 puto
742 2371 791 2435 hic
813 2390 958 2435 enarrare
981 2372 1108 2454 longum
1131 2377 1192 2453 est3
1216 2374 1256 2438 ad
1279 2393 1333 2438 eas

213 2473 400 2540 refellendas
424 2476 500 2540 satis
524 2477 583 2540 erit
606 2475 719 2539 dixisse
743 2475 874 2556 elegiam
902 2477 1069 2540 secundam
1103 2482 1175 2540 ante
1209 2477 1333 2541 tertiam

211 2578 364 2658 sumptam
387 2567 456 2642 es'se
477 2593 547 2643 non·
561 2597 654 2658 posse
677 2579 822 2658 qnoniam
856 2597 926 2642 cum
949 2579 1048 2661 elegia
1081 2579 1176 2643 tertia
1209 2598 1332 2660 compo-

212 2687 340 2745 neretur
351 2681 489 2745 Messala
510 2682 540 2745 in
552 2681 711 2745 Orientem
733 2681 928 2761 profecturus
951 2688 1035 2762 erat,
1054 2687 1194 2762 tempore
1211 2675 1330 2762 elegiae

197 2784 368 2877 ‘secundae
390 2785 452 2848 iam
464 2785 597 2849 multum
608 2785 756 2864 temporis
779 2785 821 2848 ibi
843 2789 997 2848 moratum
1010 2803 1087 2848 esse.
1102 2785 1149 2861 (cl.
1166 2785 1193 2864 2,
1210 2786 1259 2849 07.
1277 2785 1331 2865 08)

645 3043 807 3162 1ιι.

299 3213 447 3303 anibus
475 3212 571 3294 igitui·
606 3214 743 3278 virorum
780 3214 941 3277 doctorum
979 3213 1140 3279 sententiis
1178 3214 1331 3278 enarratis
1388 3193 1390 3196 ⁵

213 3321 307 3398 atquo
331 3316 515 3386 examinatis
529 3301 638 3380 ¹restat
660 3321 694 3380 ut
717 3336 797 3397 quae
820 3316 921 3380 adhuc
933 3317 1159 3397 disputavimus
1182 3317 1213 3381 in
1236 3336 1332 3381 unum

203 3403 412 3500 conspectum
435 3417 637 3484 conferamus.

299 3540 446 3620 Tibullus
470 3545 562 3605 natus
585 3540 667 3634 intra
694 3559 801 3630 annos
825 3539 887 3604 700
920 3545 953 3605 et
986 3541 1056 3620 705,
1089 3541 1208 3606 Romae
1242 3539 1341 3622 poesi'

212 3644 387 3725 litterisque
410 3643 533 3707 deditus
556 3662 583 3707 a.
608 3628 673 3706 fere
697 3642 758 3707 720
794 3641 843 3707 vel
880 3627 938 3707 721
957 3637 960 3647 ’
979 3643 1019 3707 00
1056 3653 1144 3709 arma
1181 3629 1330 3709 evocatus
1357 3703 1363 3718 ,

213 3747 321 3818 scribit
342 3745 448 3810 dolore
471 3745 599 3810 affectus
623 3765 747 3810 carmen
771 3746 819 3812 10.
859 3747 953 3812 ‘Anno
986 3745 1051 3810 fere
1082 3748 1143 3811 722
1166 3747 1331 3813 innotescit

213 3850 367 3916 Messalae
390 3849 543 3929 simulque
564 3849 686 3914 Deliam
710 3850 812 3929 coepit
835 3863 949 3913 amare.
994 3848 1082 3913 Anno
1105 3851 1174 3914 723
1207 3849 1330 3913 aMes-

195 3948 280 4018 'sala
301 3951 450 4016 invitatus
473 3956 509 4015 ut
531 3969 602 4016 eum
624 3953 654 4015 in
676 3951 791 4016 bellum
813 3952 975 4016 Actiacum
998 3952 1163 4016 comitetur
1190 3953 1218 4016 ei
1241 3951 1331 4016 obse·

165 4119 167 4126 4
213 4057 325 4138 quitur.
372 4055 530 4142 Autumno
553 4036 698 4119 ciusdem·
714 4055 786 4119 anni
808 4055 839 4118 in
867 4054 992 4119 cohorte
1016 4055 1082 4119 eius
1115 4055 1146 4118 in
1168 4053 1357 4119 Orientem·

176 4205 182 4218 .
213 4158 410 4240 profecturus
433 4163 580 4239 aegrotus
603 4157 756 4222 ininsula
779 4156 913 4239 Corcyra
934 4161 1084 4222 remanet.
1130 4157 1243 4222 Scribit
1268 4158 1329 4221 ele-

134 4319 136 4322 .
213 4263 296 4344 giam
319 4263 338 4327 3
361 4263 392 4325 iu
414 4275 475 4341 qua
498 4264 699 4342 quaecunque
721 4260 765 4324 de·
783 4279 888 4325 amore
910 4280 967 4326 sno
996 4266 1028 4325 ot
1049 4260 1157 4325 Deliae
1190 4260 1329 4340 prodidit
1368 4295 1373 4306 ·

279 4432 485 4502 1)Mus‚Rhcn‚
504 4431 695 4492 v01.,xxxlu.
712 4447 737 4495 p.
757 4431 901 4491 los-15⁰.
931 4491 938 4506 ,
