3156 5040
699 217 911 278 ..12-

245 398 362 471 ἒκεῑναι
388 402 461 468 τότε
491 407 707 486 πολεμεῖσθαι
722 401 867 486 ἐνόμιζον
883 399 957 470 οὔτε
980 400 1039 486 ἐγὼ
1062 402 1214 488 ἐπαααυές
1236 429 1267 468 rr
1289 407 1367 490 arpi

245 501 351 573 αὐτῶν
374 505 497 594 γράψαι
519 506 588 586 ἔχω.
632 507 754 572 Bellum
777 513 882 572 autem
905 508 1124 590 Aquitanicam
1146 508 1227 572 inter
1249 527 1361 589 parvos

243 609 394 676 tumultus
416 629 477 675 uon
499 611 725 675 numerandum
747 629 816 674 esse
839 594 970 675 veli'ude
993 615 1125 690 apparet
1148 612 1232 692 quod
1254 630 1291 676 cx
1306 612 1363 676 hoc

241 711 403 778 Messalae
448 713 624 794 triumphus
663 713 820 796 decretus,
851 719 906 778 est.
963 713 1054 777 Hune
1086 713 1168 778 enim
1201 714 1239 778 ob
1283 714 1363 779 levia

246 815 365 895 proelia
393 835 454 880 non
491 835 560 906 esse
594 817 720 881 solitum
756 816 880 881 decerni
916 820 1024 880 auctor
1057 821 1106 880 est
1141 817 1246 880 Livius
1284 817 1362 898 qui¹)

188 973 205 1012 Ι,
240 917 348 999 legem
371 917 461 984 affert
485 939 547 1000 qua
575 923 701 984 cautum
738 918 779 984 sit
811 929 850 983 ne
885 919 954 1000 quis
991 919 1198 1000 triumpharet
1214 919 1279 984 vuisi
1312 920 1363 1001 qui

245 1021 382 1102 quinque
414 1021 499 1086 milia
532 1022 669 1104 hpstium
702 1041 764 1086 una
797 1022 862 1086 acie
899 1021 1098 1097 cecidissetl)

329 1157 390 1222 Per
412 1161 511 1222 totam
534 1179 608 1223 vcro
624 1159 824 1241 Aquitaniam
835 1158 1005 1224 Messalam
1028 1178 1115 1223 arma
1137 1140 1246 1224 tulisse
1273 1158 1364 1224 fidem

244 1259 362 1324 faciunt
383 1261 509 1326 nomina
536 1281 555 1324 a
577 1261 696 1352 Tibullo
719 1261 819 1326 relata
834 1261 884 1343 (el.
909 1261 932 1342 Ι,
958 1264 1008 1340 7,3
1029 1263 1084 1335 -81
1101 1281 1207 1326 corum
1229 1263 1365 1327 locorum

247 1357 327 1443 quae
349 1364 381 1428 iu
404 1364 573 1444 Aquitania
595 1364 733 1428 Tibullus
766 1383 829 1428 una
866 1384 935 1428 cum
957 1365 1094 1429 Messala
1132 1365 1217 1444 adiit,
1252 1365 1366 1446 quippe

164 1477 168 1488 '
247 1485 327 1546 quae
350 1485 406 1546 per·
428 1471 528 1533 totam
550 1472 667 1531 terram
689 1466 874 1552 pertincant,
919 1468 1007 1532 Auno
1030 1468 1125 1550 igitur
1159 1469 1219 1532 725
1253 1468 1367 1532 bellum

152 1622 153 1627 ,
248 1567 468 1649 Aquitanicam
481 1564 686 1650 {restaurasse
709 1575 893 1654 nonpotest.
942 1571 1057 1644 Contra
1080 1571 1366 1650 orurriacoucinuut,

196 1707 202 1720 ·
249 1672 275 1736 si
297 1672 328 1736 id
354 1673 394 1736 acl
418 1693 443 1736 a
469 1675 530 1736 726
554 1679 586 1738 et
609 1676 670 1738 727
694 1658 866 1767 referimus.
1214 1667 1216 1672 ’

331 1793 413 1857 Nam
437 1813 506 1858 cum
535 1794 634 1875 elegia
662 1794 795 1874 septima
831 1793 901 1857 libn'
939 1794 1031 1873 primi
1053 1794 1191 1858 Tibullus
1215 1774 1369 1859 Messalae

249 1896 330 1960 diem
353 1896 491 1960 natalem
515 1915 583 1960 cum
607 1883 706 1977 eoque
730 1896 821 1960 simul
853 1915 924 1960 euin
947 1897 1028 1960 diem
1052 1916 1112 1978 quo
1135 1898 1264 1961 uictoria
1287 1898 1369 1978 apud

250 1998 380 2063 Atacem
403 2005 494 2080 parta
518 2003 566 2062 est
600 2005 632 2064 et
654 1999 846 2079 triumphum
863 2000 955 2080 paulo
987 2006 1079 2068 antea
1103 2019 1139 2064 ex
1162 2000 1220 2064 hac
1243 2001 1371 2065 victoria

249 2106 353 2165 actum
377 2102 521 2184 celebret,
546 2122 673 2167 neccsse
697 2109 745 2166 est
767 2103 948 2182 iudicemus,
977 2123 1045 2167 cum
1073 2103 1193 2167 natales
1217 2104 1370 2168 Messalae

186 2206 194 2268 '.
250 2205 280 2268 in
304 2211 488 2270 autumnum
512 2206 685 2289 inciderint,
710 2225 846 2286 pugnam
869 2206 952 2286 apud
976 2207 1105 2271 Atacem
1128 2211 1277 2272 autumno
1301 2207 1371 2270 anui

251 2310 311 2371 726
343 2308 542 2373 commissam
580 2327 656 2372 esse.
705 2309 844 2385 Quaerat
877 2309 927 2373 hic
964 2310 1119 2390 quispiam
1157 2329 1211 2374 cur
1233 2309 1371 2375 Messala

250 2412 416 2492 Aquitanis
439 2412 498 2476 hac
520 2431 625 2493 pugna
653 2411 782 2476 devictis
816 2431 877 2476 non
911 2432 991 2477 auno
1031 2414 1091 2476 726
1115 2413 1164 2476 vel
1191 2413 1279 2476 initio
1302 2411 1372 2476 anni

252 2515 322 2594 727,
341 2515 396 2579 sed
412 2519 561 2578 arutunmo
578 2515 703 2578 demum
718 2514 809 2578 huius
826 2516 896 2578 anui
913 2515 1166 2595 triumphaverit3
1184 2515 1231 2579 eui
1247 2535 1374 2596 respon·
1398 2509 1400 2515 ’

251 2618 386 2682 dandum
409 2623 458 2682 est
480 2618 545 2682 veri
569 2636 637 2681 esse
655 2617 755 2681 simile
773 2617 887 2698 trellum
905 2618 1125 2698 Aquitanicam
1148 2618 1277 2683 victoria
1290 2618 1374 2698 apud
1446 2688 1454 2705 ,

251 2721 381 2786 Atacem
404 2725 565 2801 reportata
588 2740 648 2784 non
665 2720 773 2784 statim
785 2719 958 2785 confectum
971 2739 1039 2784 esse
1052 2721 1107 2784 secl
1120 2721 1214 2786 etiam
1231 2722 1310 2786 alios
1321 2740 1375 2801 po-

251 2825 341 2904 pulos
367 2823 529 2904 Aquitanis
547 2823 714 2887 tiuitmnos
738 2824 789 2910 qui
815 2807 982 2888 seditiones
999 2825 1166 2890 movebant
1186 2824 1375 2906 subigendos

251 2927 348 2991 tuisse
360 2927 543 3007 priusquam
552 2927 1057 3007 provinciapacatavideriposset;
1071 2928 1152 2992 unde
1160 2927 1320 3008 probabile
1327 2932 1376 3016 est
1392 2957 1394 2962 v

250 3029 419 3095 Messalam
442 3029 537 3093 etiam
561 3033 878 3110 extremampartem
900 3030 971 3094 anui
996 3032 1057 3094 726
1073 3043 1281 3112 magnamque
1305 3029 1376 3094 anni

252 3123 312 3198 727
335 3134 367 3197 in
403 3132 560 3213 provincia
593 3132 722 3212 imperio
759 3133 899 3197 Romano
933 3133 1055 3198 omnino
1093 3133 1271 3197 subicienda
1307 3151 1377 3196 con-

253 3236 432 3317 sumpsisse.
479 3233 535 3299 eui
551 3236 725 3299 sententiae
738 3225 910 3315 opitulatur
926 3237 1009 3316 quod
1031 3236 1146 3301 bellum
1160 3235 1377 3316 Aquitanicum

253 3360 315 3404 nou
337 3359 387 3404 res
409 3338 499 3419 parvi
521 3339 668 3402 momenti
692 3335 845 3404 censenda
869 3348 932 3419 est3
956 3340 987 3404 id
1011 3341 1093 3420 quorl
1116 3339 1179 3403 iam
1202 3357 1297 3418 supra
1325 3338 1378 3401 (le-

166 3447 171 3457 '
253 3442 505 3508 monstravimus,

339 3563 400 3628 Sed
422 3562 472 3627 hic
493 3557 579 3628 locus
602 3583 663 3627 non
699 3564 995 3642 praetermittendus
1018 3563 1142 3627 videtur
1180 3563 1254 3643 quin
1291 3583 1379 3628 accu-

253 3667 353 3732 ratius
376 3667 568 3746 inquiramus
602 3667 632 3730 in
657 3666 860 3746 complurium
895 3667 1056 3730 doctorum
1090 3666 1278 3730 senteutiam
1296 3665 1379 3730 Mes-

255 3771 354 3834 salam
376 3769 408 3832 in
431 3769 600 3850 Aquitania
623 3769 834 3850 proconsulari
858 3773 1015 3848 potestate
1053 3788 1103 3834 res
1141 3769 1377 3833 administrasse

256 3865 443 3955 putantium.
508 3871 606 3951 ‚More
649 3873 870 3937 Romanorum‘
895 3872 995 3953 inquit
1025 3873 1257 3955 Ayrmarmusit
1297 3876 1379 3948 ,cante

256 3975 390 4057 Augusti
427 3982 605 4060 μοναρχίαν
650 3981 797 4041 consueto
838 3996 906 4040 cum
953 3975 1093 4042 consules
1143 3975 1381 4055 designarentur

254 4078 431 4161 provinciae
467 4078 587 4158 pariter
623 4069 671 4144 eis
711 4080 958 4146 decernebantur
994 4077 1230 4159 proconsulares
1274 4076 1381 4140 iidem-

323 4254 342 4308 1)
360 4249 408 4307 lib,
427 4251 511 4310 tate,
595 4291 598 4296 .
686 4307 690 4316 ,

320 4335 864 4400 ηα1ΜωωιῦωωωΜΙμ1Ὴ

216 4439 218 4442 ·
320 4421 608 4492 ᾞ1αῧπρώᾶ
