3156 5040
285 1479 414 1601 poetas
437 1531 549 1614 lyricos
572 1535 605 1595 et
627 1531 779 1612 elegiacos
802 1531 897 1603 libros
920 1532 1059 1596 edituros
1081 1532 1112 1595 in
1136 1523 1322 1599 carminibus

200 1639 380 1704 ordinandis
404 1659 473 1704 cum
495 1639 620 1720 saepius
648 1640 801 1704 rationem
829 1641 981 1704 haberent
1009 1659 1118 1705 eorum
1147 1644 1322 1726 argumenti
1355 1684 1361 1696 ·
1409 1667 1412 1672 ·
1511 1628 1530 1676 7

200 1742 245 1805 ita
267 1748 303 1807 ut
325 1763 363 1808 ea
386 1743 523 1807 carmina
537 1743 650 1824 quibus
673 1742 783 1806 eadem
805 1761 855 1808 res
879 1748 934 1807 aut
951 1743 979 1807 ei
1002 1743 1110 1815 similis
1126 1746 1322 1810 tractabatur

201 1845 231 1908 iu
255 1865 351 1910 unnim
365 1847 467 1910 locum
480 1845 666 1931 collocarent
681 1852 737 1909 arnt
759 1846 836 1910 alias
860 1836 1065 1926 sequerentur
1087 1847 1224 1912 rationes
1236 1848 1323 1912 velut

201 1938 342 2014 uidemus
366 1948 523 2014 Catullum
544 1948 577 2013 id
599 1949 700 2030 egisse
723 1955 759 2012 ut
781 1950 918 2014 carmina
940 1949 1008 2029 pori
1031 1955 1132 2015 metro
1149 1951 1321 2030 composita

200 2069 261 2115 uno
285 2058 392 2116 tenore
421 2052 452 2115 in
485 2052 571 2115 libris
604 2052 783 2133 legerentur
806 2059 848 2116 et
870 2053 1042 2134 Vergilium
1073 2052 1118 2116 ita
1152 2052 1320 2134 digessisse

201 2151 338 2218 carmina
371 2154 509 2220 bucolica
541 2160 577 2235 ut
607 2155 793 2218 carminibus
817 2155 993 2220 amoebaeis
1016 2157 1228 2237 interponeret
1261 2147 1322 2236 alia

201 2257 232 2320 in
279 2257 390 2337 quibus
438 2277 499 2322 non
544 2257 663 2323 lecerat
709 2262 852 2338 pastores
900 2258 1096 2338 altercantes,
1119 2311 1123 2321 .
1144 2259 1323 2325 natalicium

204 2357 371 2430 catulinum
394 2361 586 2441 singulorum
601 2367 725 2441 tempus
748 2362 912 2452 nonmodo
935 2381 997 2426 non
1009 2381 1135 2430 curasse
1158 2363 1322 2427 sedetiam

204 2460 342 2526 consulto
365 2465 468 2528 omnia
491 2465 652 2547 miscuisse
686 2483 722 2528 ac
755 2464 931 2528 turbavisse
965 2465 1147 2529 iamdudum
1181 2466 1321 2547 agnitum

202 2571 251 2629 est
273 2585 309 2630 ac
329 2566 533 2646 plurimorum
556 2568 715 2632 hominurn
738 2568 899 2632 doctorum
929 2567 1018 2632 labor
1045 2574 1139 2649 atque
1168 2569 1322 2633 industria

200 2687 300 2748 paene
320 2669 465 2761 certatim
489 2670 603 2735 collata
625 2676 699 2736 sunt
720 2670 756 2735 ut
778 2671 804 2736 is
838 2671 914 2735 ordo
937 2690 998 2752 quo
1032 2670 1214 2736 viderentur
1245 2677 1322 2736 nata

202 2789 271 2835 esse
294 2765 431 2856 camnina
453 2778 503 2838 sat
526 2779 610 2839 certo
633 2778 784 2854 quantum
806 2772 873 2838 fieri
906 2778 1012 2854 potest
1034 2774 1284 2839 constitueretur.
1382 2813 1384 2817 v

286 2875 374 2938 Haec
395 2876 477 2939 enim
499 2877 641 2958 quaestio
679 2896 752 2942 suas
776 2881 881 2941 movet
917 2875 1128 2956 difficultates
1160 2895 1230 2942 cum
1252 2871 1322 2958 per'-

201 2998 319 3059 paucae
341 2979 539 3045 inveniantur
560 2980 592 3044 in
614 2980 801 3046 carminibus
834 2978 937 3062 lyricis
971 2984 1004 3044 et
1035 2979 1180 3060 elegiacis
1217 2999 1322 3045 rerum

201 3081 311 3155 iisdem
354 3083 429 3163 ipsis
473 3083 665 3163 temporibus
713 3076 889 3164 gestarum¹
914 3080 1165 3164 significationes,
1210 3084 1321 3164 quibus

200 3186 334 3250 maxime
361 3205 440 3266 opus
463 3185 574 3278 estad
607 3203 676 3250 eam
710 3186 954 3266 explanandam,‘
975 3183 1008 3250 id
1042 3186 1125 3266 quod
1158 3187 1238 3252 ratio
1260 3186 1322 3252 fert

200 3287 303 3382 huius¹
326 3289 448 3370 generis
485 3307 616 3369 poeseos
641 3309 715 3371 ¹quo
751 3289 948 3370 potissimum
985 3289 1100 3371 gaudia
1148 3294 1322 3355 tractantur

202 3391 316 3456 amoris
338 3391 533 3472 ,eteouvivii
562 3393 716 3458 amicitiae
750 3398 791 3476 et¹
804 3392 887 3456 vitae
925 3382 1060 3458 rusticae
1096 3392 1320 3472 iucunditates;

202 3514 283 3576 quae
306 3495 409 3560 omnia
429 3495 522 3576 'plane
550 3501 657 3560 carent
684 3502 861 3578 temporum
887 3494 1172 3577 significationibus.
1218 3497 1322 3574 Quare

202 3599 320 3672 sactum
342 3602 400 3677 est,
423 3604 459 3662 ut
481 3599 538 3663 viri
561 3599 590 3663 d.
615 3599 802 3664 carminibus
828 3603 951 3679 tempus
964 3598 1109 3663 etlocum
1132 3599 1322 3680 assignaturi
1349 3594 1351 3596 ’
1426 3687 1428 3692 Ι

204 3701 296 3765 aliam
331 3701 568 3782 ingrederentur
604 3703 758 3767 rationem
795 3721 857 3783 qua
890 3702 1060 3782 sperabant
1092 3701 1254 3766 meliorem
1287 3721 1321 3767 se

148 3880 153 3890 ¹
201 3803 337 3868 fructum
365 3809 511 3886 capturos
545 3824 624 3871 esse.
670 3805 759 3883 Quod
785 3805 874 3876 euim
910 3809 1022 3887 poetae
1060 3803 1187 3886 elegiaci
1226 3825 1320 3871 unam

202 3897 394 3988 eandemque
417 3908 553 3988 puellam
576 3914 714 3974 amatam
736 3909 801 3974 sive
834 3927 966 3990 puerum
987 3907 1048 3972 sibi
1070 3907 1217 3971 dilectum
1240 3927 1322 3972 com·

201 4010 342 4090 pluribus
365 4029 460 4091 saepe
483 4011 668 4076 carminibus
692 4012 899 4091 celebrabant,
929 4030 967 4075 ea
994 4029 1028 4074 re
1051 4014 1161 4091 poetas
1183 4011 1231 4074 his
1256 3997 1333 4075 car-'

201 4112 335 4178 minibus
391 4133 497 4179 omnes
535 4107 789 4180 'vicissitudines
842 4133 1010 4194 omnesque
1064 4115 1324 4180 commutationes

125 4281 129 4286 .
201 4216 312 4282 horum
334 4236 475 4282 amorum
497 4233 667 4300 eorumque
694 4219 849 4300 integram
882 4211 1122 4298 accuratamque
1154 4217 1321 4299 imaginem

202 4319 402 4401 descripsisse
426 4321 569 4386 arbitrati
592 4321 783 4403 collegerunt
813 4321 947 4386 alterum
969 4337 1078 4385 eorum
1111 4319 1244 4384 alterum
1277 4321 1322 4385 ita

202 4423 343 4505 excipere
365 4430 459 4506 prout
485 4424 658 4490 sententiae
681 4426 713 4490 in
735 4425 834 4490 altero
857 4441 1024 4506 expressae
1047 4442 1117 4488 cum
1150 4422 1250 4489 altero
1273 4443 1322 4489 co-

201 4526 375 4610 haererent.
420 4528 532 4619 Itaque
568 4547 689 4602 summo
724 4529 832 4596 studio
865 4529 897 4595 iu
930 4531 1115 4609 argumenta
1151 4526 1322 4595 carminum
1394 4610 1396 4616 .
