3156 5040
734 207 945 269 ,16-

279 395 452 478 Aquitanos
480 411 559 476 quos
592 392 744 459 defecisse
777 393 953 458 nuntiatum
977 401 1046 460 erat
1072 396 1103 460 in
1126 401 1352 478 potestatem
1380 398 1456 466 Ro·
1495 465 1503 480 ‚

281 517 443 563 manorum
478 497 609 580 redigat.
654 496 765 578 Pugna
798 497 881 578 apud
915 498 1044 562 Atacem
1078 501 1249 564 commissa
1294 506 1360 565 est
1389 520 1456 564 au-

281 608 389 667 tumno
423 601 588 666 1111726.
634 600 807 664 Α110727
839 601 1002 681 Aquitanis
1036 602 1165 667 devictis
1187 603 1350 667 Romam
1394 623 1454 667 re-

279 695 392 770 uersus
413 693 605 783 triumnhum
629 703 702 784 egit.

740 844 942 851 m.

792 964 883 1040 lv.

363 1115 420 1180 His
442 1115 536 1179 rebus
551 1116 639 1197 quasi
652 1114 853 1182 fundamento
869 1118 965 1182 totius
982 1117 1084 1197 operis
1101 1117 1283 1181 constitutis
1293 1135 1305 1148 ·
1315 1123 1445 1182 trans-

281 1237 389 1282 eamus
407 1219 446 1282 ad
459 1219 596 1283 carmina
608 1219 676 1298 ipsa
689 1226 721 1282 et
733 1219 806 1300 quid
818 1239 856 1282 ex
871 1221 908 1283 iis
921 1220 991 1284 huic
1014 1220 1189 1300 quaestioni
1211 1203 1442 1284 dirimendae

278 1321 434 1386 lucremur
457 1322 626 1385 videamus.
671 1321 718 1384 Ex
751 1323 862 1402 quibus
894 1323 1112 1403 gravissimum
1146 1323 1234 1386 nobis
1273 1324 1443 1404 praebet

283 1425 496 1488 testimonium
520 1424 620 1505 elegia
642 1425 776 1504 septima
798 1425 869 1488 libri
891 1426 982 1505 primi
1005 1445 1067 1506 qua
1095 1431 1190 1506 poeta
1213 1426 1437 1506 triumphum

206 1549 213 1562 ·
280 1527 439 1592 Messalae
462 1546 490 1590 a.
515 1528 575 1590 727
599 1533 703 1591 aetum
727 1528 864 1592 celebrat
886 1528 1039 1610 simulque
1063 1529 1129 1592 eius
1159 1528 1242 1592 diem
1268 1530 1438 1594 natalem

281 1630 339 1694 sub
374 1630 457 1694 idem
490 1629 555 1694 lere
578 1636 702 1710 tempus
735 1631 929 1695 incidentem.
976 1631 1067 1695 Initio
1102 1651 1120 1695 a
1152 1631 1282 1696 victoria
1318 1633 1436 1713 Aqui-
1495 1665 1497 1670 ·

281 1733 386 1796 tonica
420 1733 512 1797 ducto
547 1737 642 1813 poeta
675 1733 830 1822 Messalae
853 1734 954 1798 laudis
989 1739 1087 1798 testes
1125 1734 1231 1798 citavit
1265 1734 1434 1816 Cydnum

282 1834 407 1914 flumen,
431 1836 566 1917 Taurum
590 1841 737 1915 montem,
756 1837 966 1901 columbarum
989 1837 1020 1900 iu
1038 1837 1127 1917 Syria
1150 1856 1271 1917 greges
1289 1838 1427 1919 Tyrum

281 1939 388 2002 urbem
412 1938 525 2018 navigii
542 1938 772 2018 peritissimum,
789 1939 894 2003 Nilum
918 1937 1046 2018 dumen3
1071 1959 1109 2003 cx
1132 1940 1243 2020 quibus
1262 1942 1428 2004 omnibus

195 2082 200 2094 ·
281 2040 370 2107 iacile
394 2059 560 2122 cognosces
584 2040 752 2105 Messalam
781 2042 812 2104 in
836 2042 933 2124 Syria,
959 2041 1074 2121 Cilicia,
1099 2043 1242 2124 Aegypto
1272 2061 1425 2108 commo-

200 2128 201 2134 *
282 2149 385 2208 ratum
409 2162 488 2209 esse.
533 2143 594 2208 Sed
617 2143 675 2207 hoc
698 2163 801 2209 rerum
819 2150 927 2210 tenore
951 2164 1010 2209 non
1035 2144 1171 2209 debebat
1193 2145 1422 2210 Baehrensius

281 2251 393 2328 putare
427 2246 548 2326 pondus
567 2247 728 2326 quoddam
762 2248 834 2311 addi
868 2266 976 2311 eorum
1012 2248 1184 2325 sententiae
1215 2249 1267 2329 qui
1290 2249 1419 2313 bellum

282 2349 501 2432 Aquitanicam
524 2355 595 2414 ante
619 2367 669 2414 res
692 2351 723 2413 in
739 2350 828 2433 Syria
845 2349 1011 2432 Ciliciaque
1035 2356 1141 2432 gestas
1157 2357 1285 2432 ponunt,
1310 2358 1418 2433 atque

283 2453 422 2518 consulto
450 2452 531 2516 hunc
554 2452 693 2517 ordinem
721 2458 856 2533 apoeta
879 2454 1028 2534 temporis
1057 2454 1178 2517 ratione
1205 2453 1314 2518 habita
1342 2473 1416 2519 ser-

282 2561 389 2620 vatum
418 2574 496 2622 esse.
542 2555 694 2636 Equidem
717 2554 836 2620 Tibullo
859 2556 921 2619 tale
949 2556 1119 2637 quidquam
1142 2557 1173 2619 in
1196 2562 1332 2621 mentem
1358 2577 1416 2621 ve-

284 2659 367 2722 nisse
382 2677 471 2738 nego.
517 2657 579 2723 Suo
603 2659 684 2722 enim
698 2659 765 2722 iure
787 2663 882 2738 poete
897 2659 1018 2722 orditur
1040 2679 1058 2722 a
1074 2660 1204 2724 victoria
1219 2661 1416 2740 Aquitanica
1504 2711 1506 2716 .

284 2781 344 2826 nou
356 2761 439 2842 quod
451 2763 592 2842 tempore
615 2761 819 2826 antecesserit
840 2762 934 2826 rebus
950 2762 981 2826 in
997 2761 1123 2826 Oriente
1137 2763 1243 2842 gestis
1262 2763 1415 2843 sedquia

285 2865 426 2946 proxima
449 2883 485 2929 ac
507 2883 629 2930 summa
651 2864 719 2928 laus
743 2864 803 2928 diei
827 2865 857 2927 in
880 2865 938 2930 hac
966 2865 1095 2929 victoria
1118 2870 1187 2929 erat
1214 2867 1332 2946 posita3
1356 2866 1412 2930 elie

284 2951 365 3032 euim
388 2967 484 3032 natali
508 2986 574 3048 suo,
598 2973 633 3032 ut
655 2967 717 3031 iam
739 2987 834 3048 supra
858 2969 1175 3048 commemoravimus,
1200 2988 1280 3032 anno
1303 2969 1412 3048 priore

284 3069 451 3134 Messalam
476 3070 648 3151 Aquitanos
671 3071 754 3151 apud
777 3072 906 3135 Atacem
935 3068 1118 3152 profligasse
1149 3071 1287 3135 Tibullus
1317 3070 1411 3134 claris

282 3173 385 3237 verbis
409 3173 531 3238 indicat.
578 3172 688 3254 Itaque
719 3173 827 3254 procul
850 3173 943 3236 dubio
971 3192 1040 3236 cum
1067 3174 1252 3254 praesertim
1283 3193 1411 3239 carmen

284 3282 437 3358 pangeret
459 3275 648 3354 natalicium,
683 3277 839 3357 idipsum
867 3276 966 3355 primo
1001 3275 1067 3340 loco
1097 3287 1191 3358 poeta
1215 3295 1332 3357 ponere
1353 3277 1407 3339 de-

284 3378 379 3444 bebat
401 3397 462 3460 quo
486 3378 681 3459 potissimum
705 3379 858 3442 excitatus
881 3383 950 3442 erat
972 3379 1012 3442 ad
1035 3380 1065 3443 id
1090 3380 1342 3460 componendum.

367 3481 497 3546 Praeter
518 3481 595 3545 haec
623 3487 728 3546 autem
751 3482 930 3547 testimonia
958 3482 1074 3546 nullum
1098 3481 1162 3545 fere
1186 3487 1273 3545 extat
1304 3483 1337 3545 in
1360 3480 1410 3547 Ti·

283 3584 357 3649 bulli
381 3584 567 3655 carminibus
590 3603 627 3647 cu
651 3603 712 3664 quo
735 3603 842 3647 eorum
865 3585 997 3665 tempori
1022 3590 1077 3648 aut
1100 3585 1200 3648 culini
1223 3585 1276 3650 luu
1300 3585 1409 3665 aliqua

222 3757 228 3768 ,
285 3687 441 3769 affulgeat.
498 3687 578 3752 Nam
612 3705 692 3768 quae
726 3687 803 3751 dixit
837 3695 873 3763 (c.
915 3689 997 3765 nte)
1031 3688 1069 3751 de
1113 3686 1192 3752 bello
1227 3708 1246 3752 a
1273 3687 1410 3752 Messala

285 3791 430 3874 gerendo,
455 3797 491 3868 (c.
516 3791 601 3874 2,(17)
625 3791 663 3854 dc
689 3790 823 3856 catervis
840 3789 969 3855 Cilicum
992 3809 1161 3872 eorumque
1177 3791 1254 3857 duce
1278 3796 1311 3855 et
1327 3809 1408 3872 quae

286 3894 416 3959 tradidit
438 3894 488 3976 (el.
514 3896 545 3968 3)
579 3894 618 3958 (11
652 3893 850 3974 expeditione
877 3894 1015 3958 Asiatica
1048 3898 1081 3957 et
1114 3894 1163 3970 (el.
1193 3895 1244 3976 10)
1268 3894 1305 3957 de
1329 3893 1410 3956 bello

220 4057 224 4068 ,
285 3997 421 4078 quodam
443 3997 552 4078 ignoto
583 4003 648 4062 tam
673 4001 830 4061 contracta
861 4002 988 4077 tamque
1011 3997 1143 4061 obscura
1166 4001 1239 4059 sunt
1269 4000 1305 4058 ut
1327 3995 1411 4059 baud

286 4118 399 4182 magno
421 4098 506 4164 lucro
530 4100 593 4164 sint
614 4100 687 4164 huic
709 4100 884 4180 quaestioni
908 4100 1119 4165 excutiendae.

370 4202 481 4283 ltaque
505 4203 616 4268 merito
639 4203 696 4267 viri
730 4204 759 4268 d.
793 4203 873 4268 lianc
896 4203 1050 4268 rationem
1083 4221 1120 4266 ac
1152 4200 1235 4265 viam
1273 4200 1411 4266 inierunt

287 4312 324 4371 ut
349 4305 585 4388 diligentissime
615 4306 646 4370 in
674 4307 743 4387 ipsa
771 4310 957 4388 argumenta
985 4305 1155 4371 carminum
1185 4308 1217 4368 et
1239 4304 1411 4369 sententias

286 4409 479 4494 inquirerent
490 4414 525 4474 ut
537 4427 574 4474 ex
585 4407 633 4474 his
649 4410 786 4475 rationes
798 4409 913 4476 ordinis
923 4413 1007 4474 recte
1020 4405 1227 4497 constituendi
1243 4410 1410 4473 sumerent.

1570 1420 1572 1489 l
