3156 5040
762 248 968 312 ..10-

300 427 450 514 temporis
474 429 648 514 sig'nificare
670 434 829 516 voluisset,
854 436 1020 500 verisimile
1054 442 1103 501 est
1125 455 1195 502 euin
1209 457 1270 503 non
1286 431 1423 525 ὕστερον

271 615 273 622 ⁴
303 521 359 600 sed
382 530 420 602 οὐ
443 538 555 624 πολλῷ
577 529 711 624 ὕστερον
733 538 751 603 i.
776 556 801 603 e.
829 557 908 616 „non
931 539 976 603 ita
998 539 1096 604 multo
1118 545 1210 620 post“
1235 542 1422 623 scripturum

300 637 405 704 inisse.
451 639 549 704 Immo
571 640 617 706 ita
639 659 690 704 res
713 659 762 706 me
786 640 911 722 quidem
934 641 1035 706 iudice
1062 660 1096 707 se
1134 642 1244 708 habet:
1269 645 1328 710 Dio
1355 646 1421 726 ipse

299 734 445 824 ignorans
469 743 593 828 quando
616 742 839 825 gladiatoresa
860 744 998 808 Messala
1020 744 1171 810 trucidati
1194 747 1256 812 sint
1279 765 1354 813 voce
1377 750 1421 814 in-

298 850 384 909 certa
406 836 540 932 ὕστερον
563 846 662 910 utitur
683 864 764 926 quae
787 845 1028 929 nihilsignificat
1049 848 1110 912 nisi
1123 854 1260 929 ‚postero
1283 851 1418 932 quodam

297 952 441 1028 tempore
464 947 483 1014 i.
508 967 533 1014 e.
558 969 596 1013 zu
619 949 728 1032 irgend
751 949 883 1030 nelcher
905 953 1071 1030 spaeteren
1092 950 1168 1017 Zeit.
1214 952 1294 1017 Nam
1323 955 1420 1019 mani-

295 1050 376 1116 festo
399 1051 448 1116 hic
470 1057 519 1116 est
541 1052 766 1117 sententiarum
789 1071 922 1117 conexus
938 1053 969 1117 in
986 1052 1103 1118 Dionisv
1116 1054 1218 1134 capite
1240 1055 1307 1122 Ll:
1321 1057 1420 1136 ,Post-

295 1169 391 1236 quam
411 1154 601 1236 gladiatores
624 1155 758 1219 Antonio
781 1173 872 1235 opem
895 1154 976 1219 ferre
1000 1175 1018 1220 a
1040 1155 1132 1220 Didio
1156 1157 1303 1237 prohibiti
1336 1166 1417 1241 sunt,

294 1257 334 1321 ab
357 1276 394 1322 eo
416 1276 509 1338 agros
533 1263 728 1337 acceperuut.
773 1258 820 1345 Ea
837 1258 1015 1338 conditione
1039 1265 1074 1324 ut
1096 1279 1157 1324 non
1170 1258 1419 1341 essentposthac

295 1360 486 1441 gladiatores
510 1359 553 1423 illi
576 1379 610 1424 se
625 1347 755 1424 tradunt
777 1378 813 1424 ac
835 1379 891 1440 per
913 1361 1039 1442 aliquod
1062 1367 1185 1443 tempus
1210 1363 1239 1426 in
1252 1365 1336 1445 agris
1359 1366 1418 1430 sibi

293 1462 461 1544 assignatis
477 1463 574 1527 vitam
586 1462 683 1543 quieti
693 1463 818 1544 degunt.
863 1463 993 1528 Postero
1011 1469 1116 1529 autern
1129 1466 1264 1546 quodam
1277 1472 1418 1549 tempore

295 1567 472 1647 -quando
494 1566 525 1630 id
549 1564 666 1629 iactum
689 1566 730 1630 sit
751 1565 810 1631 Dio
833 1566 864 1631 in
884 1559 1002 1631 incerto
1025 1569 1172 1650 relinquit
1189 1561 1258 1633 -a
1281 1570 1418 1638 Messala

290 1669 451 1734 occasione
464 1669 539 1733 data
552 1668 697 1732 trucidati
711 1673 806 1734 sunt}
839 1670 905 1746 Quo
919 1675 1058 1750 tempore
1071 1672 1148 1736 haec
1161 1673 1273 1738 caedes
1286 1673 1369 1739 lacta
1376 1677 1418 1741 sit

291 1773 465 1837 accuratius
489 1770 617 1836 definire
642 1771 834 1856 conabimur,
851 1772 904 1836 nbi
920 1772 958 1836 de
976 1773 1131 1838 Messalae
1147 1775 1178 1838 in
1200 1775 1307 1840 Asiam
1323 1796 1415 1858 expe-

290 1876 406 1940 ditione
429 1875 592 1941 dicendum
617 1874 691 1952 erit3
717 1875 894 1939 hortamen
918 1875 1068 1940 atfirmari
1097 1883 1202 1958 potest
1223 1879 1262 1942 od
1290 1899 1317 1946 a.
1352 1883 1414 1946 724

290 1979 418 2043 caedem
434 1978 643 2060 gladiatorum
667 1965 796 2058 propter
812 1996 916 2066 vocem
942 1972 1075 2064 ὕστερον
1096 1980 1205 2044 referri
1228 2001 1287 2047 non
1311 2001 1411 2063 posse.

375 2081 435 2146 Sed
474 2099 531 2145 suo
568 2081 635 2145 iure
669 2099 794 2145 causam
832 2082 1193 2161 apparereflanlrelius
1229 2092 1324 2166 negat
1359 2105 1413 2150 cur
1443 2159 1446 2164 ,

288 2181 435 2262 Messala,
460 2183 487 2248 si
509 2201 621 2265 reapse
651 2184 738 2248 annis
777 2185 979 2248 nasaniae
1015 2185 1188 2265 Aquitanos
1225 2187 1408 2269 profligavit,

286 2305 348 2374 nou
365 2349 367 2354 ,
383 2305 464 2352 anno
503 2289 564 2351 725
598 2286 679 2350 bello
717 2287 797 2352 civili
831 2285 971 2352 coniecto
1008 2288 1255 2370 triumphaverit.
1302 2291 1409 2372 Neque

286 2389 457 2471 probabilis
487 2396 536 2454 est
558 2390 639 2454 ratio
673 2409 780 2454 eorum
804 2391 857 2470 qui
890 2390 1005 2481 trellum
1029 2391 1247 2474 Aquitanicam
1285 2395 1316 2458 in
1353 2395 1409 2460 hos

286 2511 383 2558 annos
406 2492 578 2558 relerentes
601 2492 793 2572 triumphum
817 2511 854 2556 ea
882 2494 920 2557 de
956 2512 989 2557 re
1027 2494 1157 2560 dilatum
1195 2514 1264 2560 esse
1302 2497 1410 2562 volunt

286 2597 370 2677 quod
392 2614 430 2660 ex
453 2593 556 2660 Gallia
577 2595 715 2675 Messala
738 2599 884 2660 evocatus
908 2596 1016 2660 statim
1046 2597 1159 2663 adres
1193 2598 1223 2662 in
1247 2598 1322 2662 Asia
1356 2619 1409 2681 ge-

209 2773 211 2780 ?
285 2699 398 2764 rendas
420 2696 578 2779 profectus
601 2703 686 2764 esset
708 2699 753 2762 ita
775 2704 810 2762 ut
833 2698 861 2762 ei
883 2717 984 2779 neque
1017 2704 1141 2781 tempus
1164 2719 1264 2783 neque
1287 2704 1408 2769 occasio

228 2849 234 2862 .
277 2801 476 2883 triumphum
498 2799 610 2883 agendi
633 2801 775 2881 daretur;
813 2821 885 2867 uam
922 2801 1013 2866 huius
1036 2803 1081 2866 rei
1115 2810 1201 2869 certa
1229 2804 1408 2871 testimonia

284 2922 340 2970 nos
363 2906 454 2987 plane
477 2902 633 2970 deficiunt.
679 2902 789 2987 Neque
811 2905 891 2970 hanc
913 2906 944 2970 in
972 2923 1038 2970 rem
1061 2924 1110 2970 me
1149 2907 1273 2987 quidem
1306 2908 1406 2974 iudice

282 3008 418 3089 quadrat
440 3007 615 3089 exemplum
649 3008 732 3090 quod
767 3007 801 3072 Ia.
840 3005 1004 3090 Wiesius¹)
1042 3009 1248 3092 Ayrmannoll
1279 3019 1405 3078 auctoru

281 3110 372 3175 affert
388 3110 554 3192 Agrippae,
568 3111 619 3191 qni
636 3129 705 3175 eum
721 3111 752 3175 in
764 3109 867 3175 Gallia
879 3129 906 3176 a.
922 3113 982 3191 717
994 3129 1045 3176 res
1060 3112 1139 3177 bene
1152 3114 1302 3194 gessisset
1315 3114 1404 3197 eique

281 3212 457 3294 triumphus
480 3218 564 3277 esset
580 3230 752 3293 concessus,
777 3228 796 3276 a
824 3212 958 3278 Caesare
982 3233 1053 3279 mox
1075 3214 1241 3280 adbellum
1266 3217 1402 3282 Siculum
1423 3275 1428 3284 .

280 3312 501 3381 conficiendum
524 3321 671 3380 evocatus
695 3316 852 3396 triumpho
876 3317 916 3380 ad
945 3321 1069 3398 tempus
1093 3319 1207 3382 omisso
1231 3320 1313 3382 omni
1337 3326 1402 3383 stu·

280 3420 331 3484 dio
358 3420 389 3483 in
411 3413 601 3500 provinciam
633 3419 691 3482 sibi
714 3418 893 3483 mandatam
931 3419 1078 3501 incubuit,
1115 3440 1183 3484 curn
1217 3427 1308 3500 turpe
1345 3439 1402 3500 pn·

279 3527 363 3586 taret
395 3541 473 3603 esse,
512 3527 539 3585 si
561 3537 595 3585 re
618 3541 637 3585 a
660 3520 795 3586 Caesare
818 3521 980 3587 infeliciter
1002 3528 1092 3605 gesta
1113 3523 1180 3602 ipse
1203 3522 1366 3590 exultaret.
1376 3524 1402 3608 3)

279 3624 335 3689 Cui
377 3624 518 3706 exemplo
559 3644 619 3689 non
656 3629 776 3689 tantam
819 3624 882 3689 vim
924 3625 1027 3690 tribuo
1064 3629 1213 3705 quantam
1251 3627 1403 3709 Ayrman·

278 3746 336 3792 nus
360 3747 396 3792 ac
418 3728 563 3806 Wiesius
588 3728 671 3818 quod
695 3728 788 3792 etiam
813 3746 832 3791 a
854 3727 988 3793 Caesare
1008 3733 1089 3792 tum
1120 3729 1270 3810 temporis
1308 3731 1401 3794 robus

164 3833 169 3845 '
276 3831 392 3912 optime
429 3831 528 3912 gestis
561 3831 637 3894 nihil
680 3849 793 3894 cnrrsae
827 3837 896 3895 erat.
933 3850 987 3895 cur
1017 3829 1166 3896 Messalla
1202 3852 1262 3897 non
1292 3833 1401 3898 triurn-

273 3933 394 4014 pharet,
420 3951 502 3998 cuin*
510 3933 695 4013 praesertim
721 3933 838 3998 Caesar
860 3935 926 4014 ipse
950 3953 977 3999 a.
1005 3935 1066 3999 725
1090 3954 1127 3999 en
1150 3921 1297 4015 proximis
1312 3936 1400 3999 bellis

275 4035 450 4116 triumphos
473 4042 538 4100 tres
562 4042 679 4119 ageret.

204 4123 205 4128 ἵ
360 4139 446 4217 Quae
469 4157 538 4203 cum
561 4140 606 4204 ita
628 4140 690 4204 sint
713 4160 737 4204 a
753 4160 788 4205 re
817 4159 853 4205 ae
890 4141 1022 4205 veritate
1059 4160 1120 4204 non
1158 4145 1306 4220 putamus
1342 4160 1399 4206 nos

339 4275 362 4344 1)
380 4277 413 4334 da
430 4275 592 4333 M,=Vslarli
607 4278 735 4328 Messalae
753 4279 808 4327 vito
825 4291 855 4328 aa
872 4279 964 4328 studiis
982 4277 1126 4338 doctrinae,
1144 4275 1232 4334 Borol.
1251 4277 1326 4336 1829.

336 4365 366 4429 2)
384 4363 416 4412 ua
433 4363 488 4411 aa
504 4376 536 4413 aa
553 4349 656 4427 aaran
675 4361 782 4418 return,
803 4363 878 4420 1719,
957 4395 960 4406 .

337 4451 362 4516 3)
379 4447 410 4504 ol.
430 4446 484 4498 Dio
502 4446 575 4505 Cosa,
594 4447 621 4500 h.
638 4445 670 4503 a.
688 4445 775 4509 48,49.
