3156 5040
729 265 936 330 ..20-

272 453 312 518 de
335 453 436 518 causis
459 473 538 536 quas
560 471 656 535 supra
678 455 770 519 attuli
790 454 905 520 bellum
921 453 1138 545 deuitanimm
1164 472 1245 519 anno
1265 454 1410 516 demum

276 557 336 621 725
359 556 409 621 vel
431 557 493 621 726
515 563 638 638 gestum
662 575 732 622 esse
741 558 862 636 statuit
875 563 1111 638 postquam-per
1125 557 1251 638 aliquod
1266 561 1411 636 tempus

272 658 410 724 Messala
431 659 462 722 in
485 658 611 724 Oriente
634 665 777 725 versatus
799 665 893 726 esset
938 659 1028 737 Quod
1059 660 1175 725 bellum
1203 679 1272 724 cunr
1294 657 1412 722 susci-

212 835 220 850 ,
272 767 400 844 peretur
422 761 523 843 elegia
545 763 664 828 decima
686 763 715 826 ei
736 763 860 828 videtur
892 762 1053 828 aTibullo
1090 763 1207 844 scripta
1239 779 1330 840 esse;
1374 760 1413 824 id

273 864 357 945 quod
379 883 440 929 non
462 871 618 947 repugnat
638 865 752 930 rationi
773 866 840 930 eius
874 884 937 947 qua
959 883 1034 930 uses
1056 870 1106 930 cst
1138 866 1169 930 in
1205 863 1412 930 carminibus

273 965 467 1050 ordinandis3
490 987 563 1032 nam
594 967 726 1032 interest
760 969 842 1032 inter
873 969 1104 1050 panegyricum,
1128 985 1206 1048 epus
1227 967 1313 1031 istud
1341 966 1412 1030 im-

273 1067 456 1150 perfectum,
473 1077 506 1136 et
527 1070 606 1136 hanc
627 1071 764 1136 melioris
785 1077 879 1138 notae
902 1069 1034 1153 elegiam
1064 1069 1262 1136 intervallum
1298 1069 1412 1133 trium

275 1171 341 1237 iere
364 1191 523 1239 annorum.
570 1175 639 1252 Qua
660 1175 700 1239 de
723 1174 823 1256 elegia
845 1175 1001 1240 disserens
1022 1179 1107 1239 recte
1138 1174 1324 1254 adversatus
1353 1176 1414 1236 est

278 1275 325 1340 ¹uir
347 1276 375 1342 d.
400 1275 547 1342 Teuffelio
570 1296 639 1342 eam
669 1283 743 1358 post
775 1275 941 1358 septimam
974 1277 1122 1358 scriptam
1155 1294 1225 1340 esse
1260 1273 1409 1355 putanti.

281 1376 449 1445 Commode
472 1379 554 1445 enim
576 1380 749 1446 Hankelius
771 1380 996 1445 demonstravit
1039 1396 1241 1462 quaecunque
1273 1379 1305 1442 in
1340 1378 1413 1442 hae

281 1480 381 1564 elegia
404 1482 443 1546 de
464 1482 546 1548 bello
569 1487 713 1549 extarent
734 1503 772 1548 ea
794 1483 898 1548 omnia
918 1503 980 1548 non
1001 1482 1188 1550 in-rnilitem
1216 1481 1411 1562 exploratae

277 1584 401 1650 virtutis
425 1587 545 1651 cadere.
591 1587 798 1668 Nequaquam
821 1587 902 1652 enim
930 1586 983 1668 qui
1006 1585 1119 1650 iterum
1151 1584 1225 1649 belli
1256 1577 1411 1666 pericula

276 1686 437 1754 subiturus
460 1694 544 1754 esset
566 1708 637 1754 eum
660 1689 762 1754 dicere
784 1689 937 1771 potuisse:

458 1791 520 1857 Sed
541 1792 635 1874 patrii
657 1797 781 1858 servate
804 1793 916 1872 Lares3
940 1792 1061 1858 aluistis
1084 1797 1117 1856 et
1138 1789 1220 1856 idem

470 1893 637 1960 Cursarem
659 1891 779 1960 vestros
803 1913 873 1960 cum
895 1899 983 1960 tener
1005 1899 1077 1960 ante
1099 1894 1205 1974 pedes,

281 1998 337 2064 sed
360 1997 388 2064 ei
412 1997 575 2064 dicendum
597 1995 693 2062 fuisse
715 1996 851 2064 fortasse
871 1997 944 2062 hoc:
967 1997 1005 2078 ,Ο
1032 1997 1126 2078 patrii
1148 1991 1254 2078 Lares,
1278 2002 1414 2064 servate

276 2119 341 2180 me;
354 2099 503 2166 servastis
526 2118 576 2166 me
608 2099 671 2165 iam
693 2105 787 2167 antee
801 2106 959 2182 etprecor
979 2105 1016 2164 ut
1037 2100 1151 2165 iterum
1173 2119 1223 2164 me
1246 2100 1408 2184 servetis‘.

277 2203 367 2270 Unde
391 2200 470 2268 effici
493 2203 578 2268 illam
589 2202 723 2286 elegiam
754 2223 775 2268 a
798 2203 881 2270 nullo
906 2203 965 2269 nisi
982 2204 1022 2270 ab
1045 2221 1082 2268 eo
1105 2202 1308 2284 compositam
1330 2221 1409 2268 esse

278 2325 370 2388 posse
404 2306 457 2388 qui
479 2306 614 2388 primum
632 2306 663 2372 in
685 2306 800 2372 bellum
834 2306 1030 2394 profecturus
1063 2310 1155 2370 esset.
1201 2306 1270 2383 Qua
1302 2305 1333 2369 in
1367 2325 1407 2370 re

277 2410 368 2492 plane
391 2408 544 2474 assentior
566 2409 729 2474 Hankelio.

366 2511 427 2580 Sed
449 2515 486 2577 ut
506 2513 616 2578 redeat
638 2513 718 2578 unde
742 2511 867 2578 deflexit
889 2512 997 2592 oratio,
1021 2530 1082 2577 uno
1105 2510 1153 2576 vel
1168 2511 1288 2578 duobus
1312 2512 1405 2578 annis

279 2620 358 2698 post
393 2614 527 2697 elegiam
560 2615 712 2680 decimam
748 2621 841 2696 putat
884 2614 1086 2696 compositam
1121 2633 1189 2680 esse
1226 2615 1403 2698 septimam.

282 2717 467 2800 Scrupulum
490 2722 595 2782 autem
619 2718 645 2782 si
668 2718 716 2786 cui
739 2717 809 2799 uuis
847 2718 1009 2784 inhaereat
1046 2737 1084 2782 ea
1106 2719 1144 2806 de
1182 2737 1276 2782 causa
1313 2719 1401 2800 quod

283 2841 408 2888 earrrren
431 2821 599 2902 septimum
621 2821 716 2902 priori
739 2821 783 2886 illi
806 2822 924 2886 decimo
948 2825 980 2885 et
1013 2821 1168 2886 suavitate
1191 2825 1223 2886 et
1246 2821 1404 2902 elegantia

279 2926 370 3006 longe
393 2911 484 3000 cedat
506 2923 695 2990 confidenter
718 2924 816 2990 credit
837 2925 903 2989 tolli
926 2924 951 2988 si
979 2924 1011 2989 id
1033 2924 1218 3005 respiciatur
1251 2924 1336 3005 quod
1369 2924 1402 2989 in

279 3028 414 3094 carmine
437 3027 569 3108 septimo
592 3032 705 3110 agatur
726 3028 765 3091 de
787 3029 880 3092 rebus
903 3047 922 3092 a
944 3027 1081 3091 Messala
1113 3027 1272 3107 praeclare
1300 3026 1401 3108 gestis

281 3149 362 3214 quae
395 3129 493 3196 multo
526 3129 625 3212 inagis
659 3130 765 3211 opicae
799 3130 946 3212 gravitati
985 3148 1078 3210 quam
1112 3129 1230 3211 elegiae
1258 3127 1401 3194 facilitati

282 3233 465 3300 conveniant
487 3233 593 3314 eisque
616 3232 826 3298 describendis
849 3231 959 3297 Tibulli
983 3231 1139 3314 ingenium
1161 3232 1262 3313 impar
1294 3230 1397 3296 fuerit.

282 3337 402 3404 llarunr
424 3336 520 3418 igitur
552 3342 687 3418 utraque
725 3335 825 3418 elegia
860 3334 1023 3399 interiecta
1051 3331 1207 3400 leniorem
1244 3333 1402 3398 existimat

161 3525 163 3532 Ι
282 3439 449 3506 transitum
471 3437 587 3506 iactum
610 3457 679 3504 esse
702 3438 741 3503 ab
764 3434 944 3520 imperfecto
967 3437 1153 3520 panegyrico
1183 3436 1223 3500 ad
1245 3436 1401 3518 elegantia

283 3543 335 3609 illa
359 3548 391 3608 et
417 3539 557 3626 perlecta
585 3541 733 3620 carmina¹
757 3558 837 3623 quae
872 3545 977 3606 essent
1012 3539 1082 3605 libri
1115 3538 1206 3620 primi
1244 3544 1401 3620 quartum,

283 3664 407 3728 nonum,
421 3649 573 3726 noevum,
597 3644 734 3724 tertium,
746 3643 890 3726 primum,
914 3643 1043 3724 reliqua.
1089 3641 1137 3706 Ad
1160 3660 1252 3723 quem
1264 3641 1404 3706 ordinem

284 3749 421 3816 animum
444 3747 545 3814 acrius
568 3747 781 3814 attendentem
803 3745 911 3828 fugere
933 3765 995 3810 uon
1022 3749 1127 3826 potest
1160 3761 1252 3825 quem
1289 3743 1320 3809 in
1356 3762 1404 3808 er-

283 3870 386 3920 rorem
408 3851 455 3917 vir
477 3850 506 3916 d.
529 3849 679 3916 inciderit.
725 3849 893 3932 Repugnat
914 3847 965 3914 ille
1003 3847 1069 3912 sine
1106 3846 1200 3912 dubio
1237 3847 1266 3912 ei
1302 3846 1402 3912 ordini

285 3973 389 4020 rerum
413 3952 466 4019 illa
488 3957 593 4024 aetate
627 3957 768 4018 actarum
804 3970 898 4034 quam
934 3951 1001 4032 ipse
1023 3951 1195 4016 Hankelius
1233 3948 1401 4014 constituit.

284 4056 432 4124 Probavit
454 4054 536 4121 enim
558 4055 704 4136 gravibus
738 4045 839 4121 causis
873 4054 985 4136 quibus
1019 4053 1078 4136 ipsi
1101 4051 1174 4134 quin
1209 4052 1250 4116 ad
1282 4055 1404 4131 partem

284 4160 507 4228 assentiremur
529 4157 631 4224 faeere
654 4176 715 4223 non
737 4162 917 4240 poteramus
939 4175 990 4222 res
1013 4156 1044 4220 in
1066 4154 1192 4220 Oriente
1227 4173 1246 4218 a
1268 4153 1406 4218 Messala

286 4269 358 4330 ante
380 4261 496 4328 bellum
519 4259 736 4342 Aquitanicum
752 4265 858 4344 gestas
871 4279 950 4326 esse.
995 4257 1132 4324 Tertiam
1156 4261 1260 4322 autern
1274 4255 1406 4338 elegiam

286 4365 373 4434 initio
396 4361 600 4446 expeditionis
644 4363 800 4430 Asiaticae
823 4362 973 4429 aTibullo
989 4359 1192 4441 compositam
1215 4377 1286 4424 esse
1299 4377 1406 4424 omnes

287 4469 395 4538 virid
421 4487 482 4536 uno
504 4485 558 4536 ore
581 4465 778 4534 consentiunt
800 4485 836 4532 ae
860 4483 899 4530 ne
922 4463 1111 4532 Hankelium
1133 4461 1260 4544 quidem
1297 4462 1329 4528 id
1364 4461 1410 4528 in·
