3156 5040
755 243 961 308 ..24-

304 436 354 496 est
376 429 577 511 Baehrensio‚
601 429 659 496 bac
696 430 987 496 commemoratione
1009 427 1164 496 Messalae
1201 429 1338 514 aliquid
1363 431 1448 514 grati

303 534 483 615 acceptique
506 533 618 599 dicere.

386 635 453 701 lam
476 655 556 716 quac
579 635 701 717 singula
722 637 753 702 in
776 638 834 703 boc
857 639 991 704 carmine
1013 637 1172 718 vituperat
1192 623 1386 702 Teuffelius
1411 656 1449 701 aa

299 738 365 803 fere
387 738 491 804 omnia
523 738 554 802 in
588 738 698 804 ceteris
721 740 1065 823 quoquecanninibus
1088 739 1281 805 Tibullianis
1321 740 1448 804 inveni-

300 847 409 921 untur;
434 840 518 921 quod
540 841 719 922 singillatim
735 842 949 909 demonstrare
972 843 1097 924 longum
1120 847 1183 922 est;
1207 861 1281 907 uno
1309 843 1448 924 quidem

301 962 338 1008 ex
359 943 408 1007 his
443 943 526 1032 ritiis
549 943 683 1024 opinatis
717 963 840 1010 carmen
874 945 949 1010 illud
972 945 1111 1009 liberabo
1145 964 1206 1026 quo
1232 945 1357 1026 qualia
1382 945 1449 1009 sint

300 1051 405 1111 cetera
426 1045 516 1111 facile
538 1047 752 1128 perspiciatur.

386 1147 479 1214 Nullo
502 1139 583 1214 enim
615 1150 684 1214 iure
705 1149 870 1216 Teuffelius
894 1149 1029 1215 offensus
1063 1154 1112 1214 cst
1135 1150 1271 1232 singulis
1306 1151 1446 1216 vocibus

299 1252 330 1316 in
342 1250 400 1316 hoc
411 1250 545 1316 carmine
557 1253 669 1317 iterum
676 1252 850 1333 iterumque
866 1253 1016 1333 repetitis.
1041 1252 1120 1318 Nam
1136 1253 1217 1332 inter
1230 1271 1355 1318 omnes
1370 1272 1446 1318 con·

299 1359 364 1420 stat
375 1354 470 1420 etiam
481 1354 539 1420 boc
551 1354 663 1419 Tibulli
674 1355 833 1436 proprium
846 1373 914 1420 esse
926 1374 988 1437 quo
1000 1374 1091 1421 nemo
1104 1360 1273 1437 poetarum
1292 1355 1444 1438 Augusti

301 1454 406 1522 aetate
428 1454 605 1522 florentium
628 1457 754 1538 saepius
776 1455 895 1540 figuras
917 1457 1111 1540 repetitionis
1134 1457 1310 1523 verborum
1345 1475 1444 1523 usur-

236 1594 243 1602 —
299 1559 394 1640 pavit.
439 1558 534 1625 Cuius
567 1561 613 1626 rei
646 1565 682 1624 ut
714 1561 856 1642 exempla
888 1561 1064 1644 ecarmipe
1098 1561 1235 1626 omnium
1268 1578 1443 1626 consensu

299 1660 506 1742 pulcherrimo
529 1661 666 1743 afferam,
690 1663 722 1727 in
745 1664 845 1746 elegia
867 1664 968 1744 prima
989 1662 1140 1728 vocabula
1163 1664 1275 1729 eadem
1310 1663 1442 1729 inveni-

299 1771 395 1830 untur
417 1766 448 1830 iu
470 1765 556 1831 bisce
572 1766 726 1830 versibus:
752 1767 767 1830 1
793 1766 937 1831 assiduus
960 1766 979 1830 6
1002 1766 1127 1831 assiduo
1167 1803 1188 1813 -
1215 1768 1255 1832 39
1271 1768 1439 1848 antiquus

270 1873 273 1884 '
299 1869 340 1932 42
356 1869 489 1950 antiquo,
506 1905 549 1918 —-
572 1869 590 1932 5
612 1869 704 1932 inerti
728 1872 765 1932 71
790 1869 873 1932 iners
896 1906 937 1917 -
962 1869 999 1931 17
1023 1874 1128 1933 custos
1151 1870 1191 1933 22
1208 1870 1366 1934 custodes
1392 1905 1437 1914 -

300 1972 340 2035 22
363 1989 461 2051 parva
495 1972 534 2035 25
568 1990 665 2052 parvo
688 2009 729 2020 -
752 1972 792 2036 55
815 1971 951 2036 vinctum
985 1973 1027 2036 64
1048 1972 1152 2037 vincta
1173 1977 1256 2036 -t
1293 1978 1434 2038 teneras

299 2076 340 2138 46
363 2081 471 2138 tenero
494 2075 535 2138 64
558 2079 664 2138 tenero
688 2076 727 2139 68
740 2074 863 2139 teneris
910 2074 978 2152 Qua
990 2075 1029 2138 dc
1041 2094 1074 2140 re
1087 2093 1125 2139 ea
1137 2094 1259 2157 quoque
1276 2074 1433 2140 conferas

300 2195 383 2258 quae
405 2176 567 2242 Disaenius
580 2178 735 2259 congessit
757 2178 787 2241 in
814 2178 936 2242 dissert.
961 2177 999 2242 de
1025 2178 1112 2260 poesi
1138 2178 1202 2242 'Tib
1227 2178 1266 2244 11.
1291 2198 1322 2260 p.
1356 2179 1429 2242 155.

381 2280 428 2344 Ex
450 2280 497 2345 his
520 2281 615 2362 igitur
650 2299 731 2361 quac
765 2280 803 2345 de
827 2281 961 2344 carmine
989 2281 1121 2361 septimo
1144 2280 1247 2346 adhuc
1269 2279 1431 2347 disserui-

296 2402 365 2448 mus
389 2383 562 2448 luculenter
585 2388 717 2464 apparet
739 2383 892 2448 erravisse
915 2383 1115 2449 vehementer
1137 2383 1319 2450 Teuffclium
1338 2384 1428 2466 quod

295 2486 354 2551 hoc
369 2505 493 2552 carmen
508 2491 636 2567 propter
652 2487 832 2552 mendosam
850 2487 916 2551 eius
937 2491 1083 2552 naturam
1106 2487 1265 2569 opinatam
1280 2490 1428 2568 primum

295 2590 381 2654 inter
403 2590 506 2654 omnia
539 2594 648 2652 natum
682 2607 751 2653 csse
775 2589 995 2656 arbitrabatur.
1042 2591 1144 2670 Atque
1178 2595 1301 2655 tantum
1325 2592 1427 2656 abest
1474 2649 1477 2660 ,

296 2700 335 2758 ut
364 2699 451 2758 certa
473 2693 742 2774 argumentatione
765 2691 904 2756 Teuffelii
928 2694 1082 2756 sententia
1101 2691 1192 2774 ‘nobis
1214 2694 1352 2774 probata
1377 2693 1424 2758 vi-

296 2798 408 2863 deatur
429 2802 465 2860 ut
487 2796 514 2860 si
537 2796 605 2877 quis
629 2796 732 2860 omnia
754 2795 890 2860 carmina
912 2794 982 2860 libri
1015 2796 1106 2876 primi
1140 2801 1213 2860 antc
1248 2797 1423 2877 septimum

295 2900 467 2982 composita
490 2917 559 2964 esse
583 2900 750 2964 contendat
771 2899 838 2962 cius
861 2898 1034 2963 sententiae
1063 2917 1265 2980 quaecunque
1288 2899 1327 2964 de
1351 2900 1423 2965 vita

294 3003 405 3068 Tibulli
426 3021 483 3084 pro
506 3002 671 3082 compertis
693 3001 844 3066 habemus
872 3019 909 3066 ea
932 3002 1035 3065 omnia
1056 3000 1183 3066 faveant
1214 3007 1309 3083 atque
1344 3003 1429 3082 sub<

293 3105 433 3184 veniant;
456 3105 487 3170 id
515 3105 599 3186 quod
632 3123 701 3169 cum
725 3111 900 3170 ceterarum
933 3103 1104 3185 elegiarum
1137 3104 1347 3169 condicionem
1371 3106 1420 3170 di·

293 3209 486 3290 spexerimus
509 3209 587 3272 satis
610 3208 691 3300 clare
715 3208 852 3272 enitebit.

378 3518 586 3583 Transeamus
609 3497 705 3598 igitur
727 3516 753 3580 si
774 3516 878 3597 placet
905 3517 945 3582 ad
968 3534 1091 3581 carmen
1114 3516 1269 3581 decimum
1295 3514 1327 3581 id
1350 3535 1413 3599 quo
1558 3559 1559 3629 q

291 3620 360 3686 iure
383 3622 524 3703 plerique
546 3620 604 3685 viri
627 3619 656 3687 d.
680 3619 780 3700 primo
803 3620 869 3685 loco
891 3620 1054 3701 posuerint
1077 3618 1280 3701 explanaturi.

377 3725 464 3802 Quae
498 3723 624 3806 quidem
657 3723 803 3804 quaestio
837 3722 970 3789 difficilis
1004 3728 1101 3804 atque
1125 3723 1224 3788 ardua
1257 3725 1412 3804 estquod

291 3828 382 3910 plane
404 3826 548 3894 destituti
581 3843 688 3892 sumus
722 3832 806 3894 certo
831 3826 1008 3892 testimonio
1035 3826 1184 3892 historiae
1207 3845 1268 3908 quo
1296 3827 1412 3892 bellurn

221 3941 234 3956 ·'
290 3931 322 3996 in
343 3930 401 3996 boc
424 3931 558 3996 carmine
574 3936 849 3996 commemoratum
872 3930 936 3996 suis
952 3929 1145 4010 temporibus
1162 3930 1412 3995 circumscribere

290 4034 454 4116 possimus.
507 4033 568 4100 Sed
599 4033 657 4099 hoc
690 4033 814 4115 quidem
849 4052 905 4114 pro
939 4039 1023 4099 certo
1058 4031 1207 4098 affirmari
1235 4037 1340 4113 potest
1362 4032 1412 4098 Ti·

289 4137 407 4202 bullum
430 4156 499 4203 cum
532 4137 591 4202 hoc
625 4155 749 4203 carmen
782 4141 934 4220 pangeret
966 4136 1111 4202 iuvenem
1138 4134 1235 4200 luisse
1273 4135 1304 4200 id
1327 4137 1411 4217 quod

291 4259 360 4307 cum
390 4259 427 4306 ex
449 4240 614 4306 universae
648 4240 766 4323 elegiae
799 4245 907 4306 tenore
930 4241 1155 4306 sententiarum
1188 4244 1255 4304 tum
1277 4239 1411 4304 maxime

291 4345 472 4412 eversibus
508 4345 602 4409 1561
637 4341 788 4411 16166116
821 4343 1016 4425 perspicitur.
1062 4341 1206 4424 Plerique
1235 4342 1332 4424 igitur
1352 4342 1410 4408 viri
1442 4379 1464 4397 ·.
1495 4407 1498 4416 ,
1556 4353 1557 4370 ’

290 4449 325 4516 d.
343 4447 423 4514 banc
456 4446 588 4530 clogiam
611 4445 651 4511 ad
683 4446 715 4511 id
737 4446 853 4512 bellum
885 4451 970 4512 recte
1001 4451 1193 4528 putaverunt
1214 4445 1410 4512 referendam
