3156 5040
641 281 850 343 ..17-

267 469 503 548 Peropportune
536 472 641 531 autem
674 466 785 532 accidit
822 467 904 548 quod
927 467 996 532 libri
1018 468 1110 548 primi
1139 468 1303 535 Tibulliani

180 571 251 636 fere
274 570 374 636 omnia
389 570 526 634 carmina
548 569 723 652 argumenti
738 570 964 634 necessitudine
986 569 1067 636 inter
1094 590 1127 636 se
1143 573 1305 639 coniuncta

185 680 267 740 sunt.
312 673 393 736 Nam
416 691 453 736 ex
476 673 582 737 decem
605 671 664 736 illis
688 673 794 755 elegiis
816 691 894 754 quas
916 672 995 738 liber
1017 674 1135 754 primus
1158 676 1303 756 continet,

185 777 320 859 quinque
343 776 446 840 sinon
469 793 576 840 omnes
597 775 629 838 in
644 774 766 840 Deliam
782 776 915 856 scriptae
939 781 1012 840 sunt
1034 781 1174 865 attamen
1195 778 1303 843 inuno

183 880 358 960 eodemque
381 883 575 959 argumento,
606 878 714 942 Deliae
738 897 852 956 amore,
875 886 1048 960 versantur,
1082 880 1220 962 itemque
1254 900 1304 946 res

181 982 329 1048 sehabet
351 980 382 1045 in
398 979 506 1062 elegiis
529 982 557 1046 4.
583 983 611 1047 8.
636 983 665 1046 9.
682 999 763 1062 quae
785 981 816 1046 in
831 981 1011 1047 Marathum
1022 1000 1155 1063 puerum
1170 984 1304 1064 scriptae
1359 1009 1366 1021 ·

181 1091 267 1154 sunt.
314 1083 486 1164 inquibus
509 1083 695 1148 carminibus
730 1102 799 1148 cum
827 1089 962 1166 poetam,
996 1090 1032 1149 ut
1054 1104 1121 1150 mos
1143 1091 1193 1150 est
1219 1087 1306 1170 lyrici

184 1193 219 1253 et
242 1187 378 1268 elegiaci,
404 1204 509 1252 omnes
533 1205 605 1252 suos
629 1205 740 1251 sensus
763 1187 918 1270 animique
941 1188 1162 1254 commotiones
1185 1189 1305 1272 integre

186 1291 389 1371 descripsisse
411 1290 476 1355 veri
499 1290 540 1355 sit
557 1289 668 1370 simile,
690 1287 759 1356 fieri
781 1293 886 1370 potest
901 1295 937 1356 ut
956 1309 997 1375 ex
1011 1310 1179 1373 progressu
1201 1312 1306 1359 rerum

187 1400 221 1460 et
242 1381 469 1458 sententiarrim-
500 1393 531 1457 in
554 1392 682 1474 singulis
709 1393 855 1458 iudicium
883 1391 1033 1460 faciamus
1066 1395 1105 1459 de
1139 1414 1176 1460 eo
1200 1397 1307 1462 ordine

187 1516 251 1580 quo
275 1515 295 1561 a
317 1500 413 1577 poeta
435 1495 607 1577 composita
629 1500 710 1561 sunt.

272 1599 336 1665 Sed
370 1599 422 1663 alii
444 1599 502 1663 viri
534 1599 657 1668 deum
691 1598 752 1663 alio
765 1616 873 1688 ¹sensu
901 1599 1071 1664 sententias
1100 1601 1211 1668 Tibulli
1238 1623 1308 1684 per-

186 1703 327 1784 ciperent
349 1706 382 1766 et
395 1702 676 1782 interpretarentur
690 1700 807 1766 factum
822 1706 872 1766 est
886 1706 922 1766 ut
936 1702 1050 1768 iudicia
1072 1722 1179 1770 eorum
1195 1707 1307 1772 mirum

190 1811 341 1887 qnantum
375 1804 457 1868 inter
490 1822 524 1869 se
546 1805 712 1869 variarent.
755 1805 867 1886 Neque
900 1805 993 1870 aliter
1015 1825 1065 1870 res
1099 1807 1251 1875 sehabet
1278 1811 1308 1876 in

190 1909 228 1972 iis
244 1907 429 1972 carminibus
445 1924 526 1988 quae
541 1907 624 1972 nullo
637 1908 812 1989 argumenti
826 1908 947 1973 vinculo
960 1927 1030 1974 eum
1041 1910 1152 1975 ceteris
1168 1913 1310 1978 coniunc-

188 2017 223 2076 ta
245 2016 326 2076 sunt.
371 2010 452 2074 Nam
484 2010 544 2074 etsi
566 2008 598 2074 in
622 2010 667 2074 eis
689 2010 765 2091 ipsis
781 2011 966 2092 gravissima
995 2018 1102 2078 extant
1124 2021 1310 2096 argumenta

186 2133 270 2196 quae
293 2131 401 2178 ansam
424 2112 512 2177 nobis
535 2113 708 2194 praebeant
731 2131 821 2177 suurn
845 2114 956 2198 cuique
978 2116 1010 2192 in
1031 2115 1110 2182 libro
1137 2117 1239 2182 locum
1262 2139 1311 2184 as-

190 2215 344 2298 signandi,
368 2220 472 2280 tamen
495 2216 591 2280 etiam
606 2217 644 2280 de
666 2216 714 2280 his
738 2216 839 2280 adhuc
861 2217 976 2281 a'uiris
1007 2219 1035 2284 d.
1054 2219 1216 2285 dubitatur
1239 2242 1310 2288 nec-

191 2320 264 2384 dum
286 2319 430 2399 quaestio
452 2317 619 2400 profligata
642 2323 698 2383 est.

275 2422 337 2488 Sed
364 2422 547 2503 priusquam
574 2423 711 2488 virorum
746 2422 774 2486 d.
803 2423 906 2516 uarias
936 2425 1107 2490 sententias
1130 2427 1310 2511 singillatim

188 2544 407 2590 recenseamus
422 2544 522 2606 pauca
544 2525 774 2606 praemonenda
789 2525 934 2590 videntur
956 2527 994 2592 de
1018 2547 1056 2592 ea
1078 2530 1199 2595 ratione
1215 2545 1310 2612 quam

187 2629 220 2693 in
241 2629 302 2693 hac
324 2629 505 2710 quaestione
529 2628 724 2709 explananda
750 2629 891 2694 nonnulli
910 2630 993 2695 docti
1015 2631 1149 2696 inierunt
1179 2653 1312 2716 eamque
1373 2647 1375 2652 '

190 2733 216 2799 si
238 2750 409 2812 sequamur
430 2730 498 2796 fieri
531 2751 592 2797 non
624 2736 731 2812 potest
764 2733 838 2814 quin
872 2733 903 2796 in
937 2734 1064 2798 eosdem
1094 2754 1217 2800 errores
1239 2757 1312 2818 gra-

189 2836 333 2900 vissimos
355 2835 547 2900 incurramus
581 2854 617 2899 ac
649 2854 760 2916 reapse
794 2834 862 2900 illos
896 2837 979 2901 viros
1018 2838 1185 2904 incurrisse
1219 2842 1322 2905 certis.

187 2957 238 3002 me
262 2955 356 3017 spero
379 2939 571 3020 argumentis
594 2938 811 3019 probaturum.

275 3347 390 3416 Poetas
413 3347 641 3432 scriptoresque
675 3367 782 3415 omnes
805 3351 844 3416 ab
878 3348 1067 3432 imperfectis
1101 3350 1142 3417 ad
1164 3350 1311 3436 perlecta,

190 3474 210 3518 a
231 3453 338 3534 parvis
354 3453 395 3518 ad
416 3454 535 3519 maiora
550 3453 706 3534 gradatim
728 3473 765 3518 ac
786 3454 1010 3536 pedetemptim
1027 3455 1199 3528 escendere
1220 3445 1315 3539 atque
1342 3455 1373 3503 α’

189 3557 339 3638 progredi
361 3574 451 3622 nemo
474 3562 523 3621 est
545 3556 599 3638 qui
625 3556 758 3637 nesciat;
782 3575 882 3637 neque
911 3557 1065 3623 mehercle
1094 3559 1206 3625 merito
1229 3561 1314 3641 quis·
1382 3635 1384 3640 ,

191 3679 287 3741 quam
329 3659 483 3724 Tibullum
531 3659 698 3724 contendat
749 3679 769 3724 a
811 3660 911 3741 primo
960 3661 1102 3727 tirocinio
1142 3661 1313 3746 perfectum

192 3768 226 3828 et
262 3762 440 3828 absolutum
469 3768 595 3843 poetam
629 3761 749 3843 fuissep
762 3782 871 3828 verum
904 3768 1010 3829 tamen
1047 3765 1218 3829 cavendum
1255 3773 1312 3848 est,

191 3871 231 3930 ne
267 3865 347 3930 hanc
382 3865 535 3930 rationem
571 3866 603 3930 in
639 3866 825 3931 carminibus
855 3867 1042 3949 digerendis.
1066 3869 1207 3948 sequaris
1230 3889 1313 3950 quae

192 3969 251 4034 hac
273 3969 305 4034 in
326 3987 360 4032 re
383 3973 466 4033 certe
496 3968 615 4034 lubrica
638 3975 670 4034 et
692 3969 769 4034 satis
800 3969 894 4034 dubia
930 3974 980 4035 est
1016 3970 1056 4034 ab
1092 3987 1192 4052 eaque
1230 3973 1315 4037 nulla

192 4071 312 4138 utilitas
354 4072 423 4152 capi
464 4076 570 4151 potest
616 4091 685 4136 curn
726 4090 826 4155 neque
848 4072 933 4136 ueri
974 4071 1016 4136 sit
1053 4071 1153 4137 simile
1189 4080 1315 4154 poetam

194 4191 396 4256 quaecunque
418 4172 591 4256 pepigisset
623 4194 662 4239 ea
689 4175 792 4252 omnia
824 4175 855 4238 in
876 4174 978 4240 lucem
1000 4175 1174 4256 prodidisse
1207 4177 1253 4242 ita
1281 4184 1317 4242 ut

194 4277 286 4360 plane
308 4277 539 4358 perspiceretur
560 4296 638 4359 quos
654 4277 770 4360 gradus
794 4277 919 4368 fecisset
941 4279 1123 4360 priusquam
1160 4279 1317 4361 ingenium

194 4367 433 4460 convalesceret,
457 4399 557 4461 neque
569 4380 729 4462 probabile
745 4381 787 4445 sit
802 4381 940 4445 carmina
961 4381 1050 4446 nobis
1067 4381 1185 4446 tradita
1201 4383 1317 4465 quippe

196 4501 277 4565 quae
299 4483 386 4548 brevi
407 4482 473 4548 fere
496 4483 599 4563 spatio
622 4483 795 4564 composita
817 4485 880 4548 sint
894 4489 1017 4549 tantum
1041 4485 1263 4566 compositione
1286 4491 1320 4551 et
