3156 5040
655 261 777 329 -·23
823 300 860 310 ..

191 453 324 518 ferenda
338 453 401 518 sint
415 459 541 536 poetam
562 455 621 519 bac
634 453 756 517 ratione
778 473 798 516 a
819 454 980 534 proposito
995 453 1197 519 aberrantem
1217 473 1312 520 unam

197 557 367 638 quamlibet
387 576 456 622 rem
477 557 571 620 latius
593 555 755 636 imiusque
778 557 923 637 persequi
957 557 1082 621 solitum
1110 575 1188 622 esse.
1233 558 1312 624 Rem

142 675 144 679 ·
189 659 344 740 exemplis
376 659 510 740 probare
543 659 650 723 studet
682 659 824 738 repetitis
857 677 895 722 ex
918 658 1018 740 elegia
1045 660 1174 739 decima,
1197 660 1250 724 ubi
1271 662 1312 725 de

195 781 279 842 pace,
315 767 349 826 et
381 762 482 844 elegia
514 767 634 840 octava,
667 761 721 825 ubi
754 761 793 824 de
826 762 857 824 ri
885 762 963 826 artis
985 762 1134 843 magicae,
1158 768 1191 827 et
1212 764 1313 846 elegia

193 871 315 946 quarta,
340 865 444 930 ubide
466 863 701 946 temporisfuga
722 862 864 944 pluribus
886 865 998 945 agitur.
1043 864 1105 930 Sed
1127 867 1242 930 namin
1263 867 1312 932 his

190 968 265 1032 solis
290 968 478 1052 carmimbus
506 969 538 1032 id
559 967 766 1048 perspicitur?
799 966 900 1044 Quid?
922 967 1006 1047 quod
1028 968 1123 1032 etiam
1156 969 1188 1032 in
1211 969 1311 1052 elegia

189 1071 286 1134 tertia
309 1089 405 1152 quam
427 1069 593 1134 Teuffelius
615 1070 683 1149 ipse
703 1067 822 1133 fatetur
844 1074 877 1133 et
898 1070 1119 1149 compositione
1142 1071 1175 1135 e't
1199 1091 1235 1136 re
1257 1073 1312 1137 ad·

189 1173 365 1238 mirabilem
377 1191 446 1237 esse
457 1173 540 1238 idem
561 1173 737 1236 invenitur?
779 1171 841 1236 Per
855 1173 1032 1256 quindecim
1046 1173 1128 1238 enim
1143 1193 1252 1238 versus
1269 1175 1312 1239 ibi

193 1281 286 1355 poeta
308 1275 535 1356 praestantiam
567 1275 740 1355 priscorum
762 1295 882 1340 morum
910 1275 1046 1341 Saturno
1067 1284 1218 1357 regnante
1240 1297 1312 1358 per-

194 1379 317 1458 scripsit
329 1383 426 1459 atque
448 1379 479 1442 in
494 1378 604 1443 eodem
627 1365 761 1443 carmine
773 1378 914 1458 pluribus
928 1379 1070 1444 versibus
1084 1378 1182 1461 Elysii
1198 1381 1312 1460 gaudia

190 1498 373 1562 poenasque
406 1480 530 1545 Tartari
563 1481 711 1561 depinxit.
762 1481 865 1558 Quare
898 1482 977 1546 adeo
1009 1501 1071 1546 non
1105 1481 1244 1548 adducor
1277 1491 1313 1549 ut

190 1583 312 1648 crimini
346 1589 467 1649 vertam
489 1590 602 1664 poetae
636 1585 719 1664 quod
741 1583 791 1649 bic
812 1585 873 1649 illic
895 1604 915 1649 a
937 1585 1097 1665 proposito
1134 1585 1314 1658 discesserit

191 1692 223 1750 et
243 1705 343 1752 unam
375 1705 442 1750 rem
465 1705 545 1768 quae
578 1705 648 1751 cum
670 1688 781 1752 ceteris
815 1688 977 1752 sententiis
1000 1688 1143 1752 carminis
1165 1689 1313 1757 interiore

192 1807 274 1852 nexu
298 1789 447 1854 cohaeret
460 1788 601 1870 pluribus
623 1795 806 1870 persecutus
818 1791 859 1856 sit
880 1796 916 1854 ut
937 1809 999 1854 non
1020 1790 1160 1856 dubitem
1187 1792 1220 1856 id
1241 1813 1312 1874 pro

194 1892 292 1971 prium
317 1911 387 1957 esse
409 1892 601 1957 Tibullianae
623 1911 755 1973 poeseos
777 1893 889 1960 dicere.
934 1894 978 1958 m
1002 1893 1079 1974 'quid
1106 1892 1178 1958 illae
1200 1895 1311 1961 laudes

194 1995 240 2058 dei
265 1995 415 2077 Aegyptii
447 1995 487 2060 ad
510 1995 700 2060 Messalam?
727 1997 770 2061 m
791 1996 850 2062 boc
871 2013 933 2060 non
955 2001 1024 2061 erat
1045 1998 1240 2076 propositum
1263 2000 1312 2065 Ti·

190 2097 274 2162 bullo
299 2103 336 2161 ut
359 2098 493 2163 carmine
527 2099 614 2180 epico
642 2117 692 2163 res
715 2117 847 2183 nragnas
870 2099 1025 2165 Messalae
1060 2100 1233 2167 celebraret
1256 2104 1312 2167 sed

187 2201 223 2264 iis
245 2201 473 2282 persequendis
497 2221 566 2266 cum
592 2207 677 2266 recte
699 2201 904 2268 intellexisset
939 2204 1096 2284 ingenium
1127 2223 1219 2269 sunm
1255 2206 1312 2270 im-

188 2322 246 2384 par
270 2321 350 2383 esse,
367 2304 452 2368 misit
473 2305 597 2370 omnino
618 2305 688 2369 illas
711 2323 761 2369 res
784 2311 817 2375 et
831 2305 909 2370 abiit
930 2306 961 2369 in
983 2307 1192 2372 iucunditates
1207 2326 1312 2373 rerum

188 2407 379 2471 msticorum
403 2406 622 2474 describendas
660 2399 691 2471 in
714 2408 826 2488 quibus
849 2409 923 2473 solis
946 2410 1081 2490 putabat
1108 2411 1191 2475 vitae
1213 2410 1312 2478 felici·

188 2515 290 2574 tatem
312 2511 448 2590 positam
481 2529 550 2576 esse
580 2529 750 2591 eommque
773 2517 931 2576 auctorem
955 2512 1070 2577 Osirim
1093 2513 1312 2580 celebrandum

188 2614 251 2692 sihi
273 2614 493 2694 sumpsitque
525 2633 559 2678 re
582 2623 615 2679 et
637 2633 760 2678 carmen
793 2615 896 2694 ipsum
918 2616 1080 2680 exornavit
1102 2622 1134 2681 et
1154 2617 1310 2684 Messalae

189 2718 241 2798 qui
277 2718 345 2781 sine
368 2717 461 2782 dubio
476 2727 480 2738 '
493 2718 525 2782 in
547 2717 599 2782 illa
621 2723 705 2782 terra
742 2718 773 2781 in
796 2737 858 2798 qua
880 2717 979 2782 Orisis
1002 2719 1123 2800 indiges
1158 2727 1227 2786 erat
1260 2741 1310 2788 res

187 2820 351 2901 praeclare
383 2825 525 2901 gesserat
557 2819 705 2885 honorem
738 2821 847 2885 tribuit
883 2821 1031 2886 debitum.
1083 2822 1173 2888 Tales
1206 2843 1309 2890 rerum

187 2924 379 2988 rusticarum
402 2923 625 3004 descriptiones
647 2923 804 3004 plerisque
828 2923 935 3003 elegiis
958 2924 1070 2989 Tibulli
1081 2926 1216 2992 insertas
1240 2947 1309 2993 esse

188 3027 260 3107 quis
283 3031 333 3090 est
356 3027 429 3106 quin
452 3027 551 3091 sciat?
584 3025 726 3106 Exempli
763 3027 866 3107 gratia
894 3027 1014 3107 respice
1037 3047 1155 3110 quaeso
1177 3029 1311 3112 elegiam

155 3113 158 3120 ¹
186 3130 323 3209 primam
339 3133 372 3192 et
393 3129 532 3210 quintam
562 3130 615 3194 ubi
637 3129 777 3210 pluribus
793 3130 934 3196 uersibus
950 3136 1044 3219 poeta
1059 3133 1182 3214 ,gaudia
1193 3135 1311 3202 rustica

186 3232 330 3296 suaviter
352 3231 492 3312 depinxit
525 3251 605 3312 quae
628 3233 778 3312 sperabat
809 3233 876 3299 fore
905 3240 940 3298 ut
962 3234 1021 3298 sibi
1045 3236 1261 3318 contingerent
1284 3239 1311 3304 si

186 3334 280 3399 Delia
314 3335 416 3414 ipsum
453 3353 506 3399 rus
540 3336 749 3402 comitaretur.
797 3335 914 3412 Quibus
949 3334 980 3400 in
1008 3339 1194 3404 carminibus
1231 3341 1310 3406 adeo

185 3456 251 3501 non
273 3457 292 3501 a
314 3438 474 3518 proposita
496 3438 700 3504 reabcrravit
721 3444 757 3504 ut
778 3439 819 3503 ab
840 3439 928 3503 initio
950 3441 1106 3522 usquead
1127 3440 1222 3506 finem
1244 3462 1309 3508 car-

186 3540 281 3605 minis
314 3559 384 3605 eam
416 3542 551 3606 maxima
594 3525 742 3624 religione
781 3543 974 3620 observaret
1010 3544 1066 3608 sed
1094 3551 1235 3610 moratus
1260 3553 1310 3611 est

187 3643 239 3707 bic
260 3642 320 3707 illic
341 3648 378 3707 ut
400 3643 537 3726 singulas
554 3650 661 3726 partes
684 3645 861 3710 exomendo
885 3643 1028 3710 effectum
1045 3648 1219 3712 sententiae
1242 3654 1309 3715 toto

135 3813 137 3820 ,
190 3747 327 3811 carmine
350 3765 517 3826 expressae
540 3748 688 3814 maiorem
711 3749 867 3814 redderet.
912 3749 940 3813 A
963 3768 1025 3830 quo
1047 3768 1133 3816 more
1156 3769 1194 3816 ne
1216 3751 1250 3816 iu
1272 3771 1309 3818 eo

191 3849 316 3930 quidem
341 3851 475 3915 carmine
498 3851 641 3918 discessit
674 3851 713 3916 de
735 3871 798 3932 quo
821 3853 932 3933 agitur.
977 3849 1058 3917 Nam
1091 3852 1163 3918 huic
1185 3873 1309 3936 quoque

179 3953 319 4018 carmini
352 3953 460 4034 procul
493 3954 587 4020 dubio
620 3955 652 4020 id
682 3955 800 4020 consilii
834 3961 960 4020 secutus
993 3973 1098 4020 rerum
1121 3957 1309 4024 rusticarum

190 4056 429 4138 descriptionem
452 4057 591 4138 inseruit,
615 4063 651 4122 ut
672 4077 710 4122 ea
732 4057 940 4138 pulchriorem
952 4058 1101 4126 redderet
1123 4059 1219 4126 totius
1243 4079 1309 4126 car·

176 4160 281 4238 ¹minis
315 4159 460 4226 ellectum
493 4160 588 4243 idque
621 4162 724 4242 ipsum
757 4162 863 4244 generi
897 4163 1033 4244 elegiaco
1067 4162 1306 4231 convenientius.

190 4261 307 4328 Vemm
331 4264 399 4328 viae
423 4283 441 4328 a
463 4263 601 4328 Messala
623 4270 742 4330 stratae
765 4265 895 4330 Latinae
919 4265 1211 4332 commemoratione
1233 4267 1308 4347 quid

128 4414 138 4432 .
190 4365 323 4430 voluerit
344 4372 438 4447 poeta
461 4367 605 4448 equidem
620 4368 738 4448 nesci0;
760 4368 839 4433 baec
862 4373 945 4434 certe
967 4370 999 4433 in
1013 4367 1148 4434 carmbre
1171 4368 1307 4450 elegiaco

190 4468 296 4550 inepta
318 4474 351 4534 et
372 4470 501 4536 ridicula
524 4476 573 4536 est
613 4472 673 4536 nisi
695 4454 775 4536 'forte
797 4471 896 4538 voluit
921 4475 1025 4554 poeta,
1048 4471 1080 4536 id
1102 4471 1186 4552 quod
1208 4471 1308 4538 visum
