3156 5040
648 207 861 273 ..11-

187 399 346 466 aberrare
368 397 482 463 bellum
505 393 724 482 Aquitanicum
748 400 924 462 statuentes
948 417 976 463 a.
1002 397 1063 461 726
1086 397 1136 461 vel
1171 398 1232 461 727
1272 416 1325 478 gc·
1368 413 1386 454 ι’

192 509 285 569 stum
308 521 383 567 esse.
430 501 499 579 Qua
521 502 553 565 in
574 519 608 564 re
631 498 782 564 habemus
805 500 966 564 uobiscum
999 498 1164 564 facientem
1188 499 1325 564 Momm-

196 626 309 672 senum
321 605 398 686 qui¹)
411 602 521 684 etipse
549 603 662 668 hellum
683 601 902 684 Aquitanicum
914 621 994 667 anno
1008 602 1203 667 7261131727
1215 603 1326 668 tribuit
1362 646 1369 659 ·

197 711 251 774 illo
267 708 391 790 quidem
405 707 473 771 loco
488 725 599 772 causas
620 726 682 772 nou
697 705 829 772 afferens
846 706 902 770 sed
918 710 954 769 ut
971 705 1046 769 mihi
1063 705 1189 786 quidem
1200 705 1324 771 videtur

142 886 145 892 ,
196 812 318 894 legibus
330 813 491 892 permotus
503 828 583 890 quae
593 810 632 874 de
644 808 930 900 triumphoagendo
942 808 1026 872 latae
1039 811 1071 872 et
1083 808 1220 873 sancitae
1233 814 1324 874 eraut
1344 813 1348 823 '

127 928 134 938 ·
196 916 237 979 de
261 913 375 996 quibus
399 912 450 976 ille
473 913 520 977 vir
542 913 762 994 sagacissimus
785 910 875 976 docte
898 915 931 976 et
959 910 1075 976 diserte
1099 910 1271 991 disputavit
1293 913 1324 976 iu

196 1019 278 1082 libro
301 1017 339 1080 de
361 1017 429 1080 iure
457 1015 589 1095 publico
625 1016 766 1080 Romano
789 1015 972 1095 scapiono
1011 1033 1072 1094 quo
1106 1013 1199 1079 liceat
1235 1015 1322 1079 nobis

196 1121 303 1185 locum
332 1118 451 1210 efferre,
490 1136 551 1198 que
589 1119 774 1183 sententiam
815 1121 955 1181 nostram
994 1117 1032 1180 da
1069 1121 1211 1196 tempore
1236 1117 1321 1182 helli

201 1221 377 1304 Aquitanici
409 1221 494 1285 haud
515 1221 627 1285 leviter
663 1219 837 1285 confirmari
859 1223 1014 1300 putamus.
1062 1219 1166 1284 Verba
1191 1219 1323 1285 Momm·

203 1327 269 1390 seni
291 1330 363 1390 sunt
384 1325 403 1388 l.
428 1343 452 1388 c.
476 1324 567 1388 haec:
1307 1389 1309 1394 ,

285 1426 444 1508 „Niemals
467 1427 543 1490 wind
566 1423 622 1491 der
643 1427 781 1507 triumph
803 1445 862 1491 von
886 1425 986 1490 einem
1009 1425 1151 1505 privaten
1180 1425 1312 1507 geieiert
1404 1421 1405 1426 ’

198 1532 335 1597 sondern
358 1550 392 1595 er
418 1530 460 1594 ist
483 1531 594 1594 immer
630 1531 680 1594 ein
716 1530 747 1595 in
782 1529 833 1593 die
856 1529 1041 1593 continuitat
1063 1529 1120 1594 der
1156 1529 1322 1617 amtlichen

197 1625 345 1713 13311133,
367 1634 401 1715 ja
424 1651 518 1714 sogar
539 1633 618 1698 nach
641 1638 798 1714 streugam
821 1632 909 1697 recht
930 1632 961 1696 13
984 1631 1033 1696 die
1047 1632 1232 1698 continuitat
1254 1634 1323 1698 der-

201 1737 308 1802 selben
331 1735 597 1817 kriegsauspicien
620 1735 771 1800 fallender
794 1738 875 1800 act.“
1298 1799 1301 1806 ,

285 1839 371 1903 Bello
393 1839 490 1920 igitur
512 1839 696 1919 Aquitanico
720 1858 746 1904 a.
772 1838 833 1903 723
856 1839 959 1919 posito
981 1839 1119 1905 Messala
1141 1853 1169 1904 a:
1182 1841 1243 1904 727
1266 1859 1323 1921 pu-

200 1943 312 2008 tandus
334 1948 419 2007 esset
441 1942 630 2026 magistratu
653 1948 748 2025 atquc
771 1943 900 2022 imperio
927 1960 961 2006 se
980 1942 1050 2006 iam
1073 1942 1266 2008 ahrlicavisse
1290 1949 1322 2008 et

197 2047 242 2111 ita
255 2051 365 2112 contra
376 2047 478 2127 legem
489 2046 682 2124 triumphum
694 2047 805 2127 egisse,
819 2045 850 2108 id
866 2046 949 2126 quod
961 2065 1022 2110 non
1033 2047 1099 2110 veri
1113 2051 1162 2112 est
1184 2046 1320 2137 31131133)

243 2190 247 2196 ·
283 2150 387 2230 Atque
411 2155 484 2213 suut
505 2148 652 2214 nonnulla
674 2167 755 2230 quae
785 2147 932 2213 Haukelii
958 2149 1182 2229 computationi
1208 2150 1323 2215 bellum

141 2325 145 2334 ¹
201 2253 422 2333 Aquitanicam
444 2253 533 2318 armis
557 2253 617 2316 725
641 2255 674 2316 et
697 2253 758 2316 726
781 2251 946 2316 tribuentis
969 2257 1153 2334 repugnant.
1200 2254 1320 2318 Horum
1355 2281 1361 2292 ·

200 2355 281 2420 euim
303 2375 455 2420 annornm
476 2355 580 2435 priore
617 2354 767 2436 templum
789 2355 862 2420 lani
899 2355 1038 2420 clausum
1074 2355 1172 2420 fuisse
1212 2361 1321 2421 notum

197 2465 261 2537 est;
284 2463 347 2540 qua
369 2459 495 2540 quidem
516 2478 551 2523 re
566 2456 740 2523 Haukelius
756 2464 851 2540 negat
873 2459 1061 2524 senteutiam
1084 2458 1322 2542 suuminfringi·,

195 2581 267 2627 cum
290 2562 349 2626 Die
372 2561 498 2626 Cassius
521 2562 573 2644 qui
589 2561 660 2627 Jani
683 2561 780 2626 clausi
791 2562 980 2627 mentionem
1002 2561 1112 2626 fecerit
1133 2563 1200 2642 ipse
1213 2568 1322 2628 auctor
1406 2597 1409 2604 »

126 2742 133 2757 ·
196 2665 238 2730 sit
260 2683 300 2729 ne
321 2670 390 2734 tum
412 2664 538 2747 quidem
554 2664 712 2735 ‚bellorum
734 2664 995 2732 intermissionem
1017 2663 1135 2744 fuisse3
1160 2663 1215 2730 sed
1237 2671 1322 2732 recte

196 2768 317 2833 monuit
352 2767 637 2852 Baehrensiusoa
668 2768 767 2833 Dione
803 2767 904 2832 nullas
938 2768 1015 2832 alias
1050 2773 1159 2851 gentes
1197 2769 1323 2850 quibus-

196 2890 266 2936 cum
294 2871 427 2952 populus
449 2872 608 2937 Romanus
646 2870 741 2936 etiam
778 2876 845 2940 tum
869 2871 984 2935 bellum
1022 2875 1147 2953 gereret
1190 2891 1322 2938 comme·
1370 2884 1374 2889 ’

194 2974 311 3038 1331311
353 2973 412 3038 nisi
448 2979 574 3055 praeter
610 2974 753 3039 Treviros
789 2974 921 3055 populos
958 2975 989 3039 iu
1022 2975 1175 3054 Hispania
1211 2974 1322 3041 Tarra-

195 3078 321 3143 cunensi
342 3077 534 3157 habitantem
573 3083 668 3158 atque
696 3079 791 3142 etiam
813 3077 897 3144 aliud
920 3078 1072 3142 succurrit
1094 3082 1321 3158 argumentum.

194 3180 255 3246 Dio
278 3181 604 3262 errimpostqnanreas
628 3188 737 3264 gentes
761 3199 841 3262 quae
864 3180 960 3244 etiam
982 3186 1049 3244 tum
1071 3181 1102 3244 in
1125 3182 1219 3246 armis
1232 3189 1324 3249 erant

195 3284 390 3348 enumeravit
411 3284 489 3348 haec
510 3285 606 3350 verba
629 3284 784 3349 subnectit
801 3283 930 3366 (LL20).
976 3288 1036 3349 Kal
1059 3267 1149 3349 οὗτοι
1170 3287 1230 3366 μὲν
1254 3281 1320 3352 ὑπὸ
1358 3291 1361 3297 ’

194 3389 255 3452 τοῦ
281 3386 414 3474 Ταύρου
437 3390 496 3453 τοῦ
518 3387 870 3466 secrctamsecretam
893 3380 959 3452 ὑπὸ
981 3389 1042 3452 τοῦ
1051 3394 1182 3453 Νωνίου
1194 3389 1321 3458 Γάλλου

195 3490 467 3578 aureorodpmoau
490 3487 572 3558 &ltu
599 3515 641 3557 33
662 3485 703 3565 ὡς
725 3485 801 3556 aaut
835 3489 986 3564 ἑκάστους
1019 3489 1187 3578 ταραχώδη
1220 3491 1319 3573 συχνὰ
1427 3522 1429 3526 ·

196 3593 346 3675 ἐγίγνετο,
371 3590 440 3661 ἀλλ’
456 3592 568 3682 ἐπειδὴ
590 3596 690 3682 μηδὲν
712 3600 794 3677 μέγα,
814 3588 872 3660 ἀπ’
895 3589 1002 3659 αὐτῶν
1020 3601 1212 3682 συνηνέχθη,
1244 3593 1320 3664 οὕτε
1347 3632 1349 3637 ·

265 3735 286 3798 l)
304 3733 355 3784 1133
373 3740 437 3797 gest,
457 3734 510 3786 div.
530 3735 598 3797 Aug.
617 3731 823 3790 ed,'Memmsen
843 3731 910 3784 1865
930 3748 955 3796 p.
974 3730 1016 3788 71.

263 3817 288 3884 2)
307 3818 382 3875 Rom.
403 3819 566 3870 Stastsreeht
583 3819 596 3868 1
614 3835 639 3884 p.
660 3819 717 3874 lat.
1075 3825 1077 3830 '

261 3904 284 3971 3)
300 3905 360 3956 Huc
378 3905 478 3955 accedit
495 3905 565 3968 quod
579 3906 673 3955 vetitus
686 3911 743 3956 erat
760 3904 861 3969 legibus
874 3902 1074 3968 triumphalibus
1091 3909 1152 3956 unte
1163 3905 1322 3970 triumphum
1353 3933 1358 3945 ·

195 3993 224 4042 in
243 3991 333 4041 urbem
350 3993 460 4041 introire
473 3991 689 4055 triumphaturus,
707 3991 734 4040 id
753 3991 822 4055 quod
840 4005 873 4038 ex
887 3989 1025 4039 Plutarcho
1044 3988 1155 4053 aliisque
1172 3993 1342 4042 auctoribus·

189 4078 341 4128 luculenter
358 4085 466 4143 apparet
482 4074 526 4145 (cl.
543 4079 663 4140 Momms.
680 4078 698 4132 l.
716 4075 763 4144 c,];
794 4091 845 4140 qua
873 4091 902 4126 13
931 4074 1060 4127 refellitur
1079 4074 1240 4126 vBaehrensii
1257 4077 1317 4127 sem
1349 4120 1355 4134 ,

197 4166 279 4214 tentia
297 4154 340 4228 qui
359 4152 643 4233 (Tibullische'blitter
661 4180 686 4228 p,
705 4161 750 4232 20)
780 4163 871 4214 statuit
897 4162 1037 4212 Messalam
1066 4163 1136 4212 circa
1161 4169 1323 4214 sutummum

196 4251 379 4302 etenimex
397 4248 486 4300 Gallia
502 4249 613 4300 Remum
629 4251 771 4300 revertisse
800 4247 887 4323 ibique
917 4263 964 4312 per
994 4248 1105 4299 hiemem
1134 4258 1321 4302 commoratum

197 4351 258 4388 vere
276 4338 382 4387 ineunte
398 4337 427 4386 in
445 4336 537 4398 Asiam
555 4337 701 4402 prefectum
719 4350 784 4394 3333,

262 4422 404 4492 411311.
424 4421 465 4480 la.
566 4500 569 4506 ,
