3156 5040
628 290 836 354 ,37-

128 500 149 543 a
173 477 287 542 rebus
316 478 447 543 bellicis
470 483 503 542 et
524 478 633 542 Deliae
655 498 748 559 qnam
772 479 864 543 niodo
892 481 1081 560 cognoverat
1114 496 1220 542 aruore
1243 497 1291 541 rc-

129 583 301 646 lineatur.
356 581 490 645 Poetam
513 600 582 645 cum
593 580 683 646 Delia
705 587 813 645 mutuo
826 601 931 646 amore
945 582 1081 646 nondum
1094 581 1290 666 coniunctum

129 703 284 748 esseex
312 684 503 749 condicione
525 684 621 748 totius
634 684 777 748 carminis
803 685 931 748 'secundi
947 703 1099 765 apparere
1123 683 1290 765 quavariis

132 788 247 852 modis
275 791 389 867 poeta
411 787 546 866 puellam
569 787 608 850 ab
631 785 731 852 officio
755 792 897 852 avertere
920 792 1049 852 conetur
1064 793 1211 867 artesque
1235 787 1290 849 do-

133 895 212 955 ceat
239 890 377 971 quibus
401 891 428 953 si
450 890 526 954 satis
550 890 652 954 auden
675 891 717 954 sit
749 891 895 954 custodes
917 890 1025 955 fallere
1058 889 1148 954 facile
1181 889 1291 970 possit.

135 993 237 1070 Quod
266 1012 346 1074 quo
374 991 495 1059 facilius
518 993 638 1056 Deliae'
660 994 903 1073 persuaderetur
936 999 1062 1073 poetam
1085 1011 1154 1056 eam
1187 992 1293 1055 admo-

138 1097 257 1160 nuisse
285 1096 397 1176 ipsius
424 1095 529 1159 mariti
557 1094 706 1176 perfidiae
729 1096 888 1176 quicum
922 1097 1037 1162 divitiis
1070 1097 1101 1159 in
1129 1087 1293 1159 terris're-

141 1199 245 1264 motis
275 1199 439 1279 parandis
462 1203 664 1279 postponeret
687 1200 815 1280 eiusque
838 1190 995 1280 nequitiae
1018 1217 1108 1263 suum
1132 1198 1228 1278 ipsius
1245 1217 1294 1261 ar-

144 1303 391 1366 dentissimum
414 1302 596 1382 opposuisse
619 1321 755 1366 amorem
772 1303 825 1383 qui
846 1321 943 1382 parvo
956 1307 1118 1366 contentus
1140 1301 1214 1365 nila
1246 1300 1293 1364 dis

145 1409 285 1484 peteret
310 1404 376 1469 nisi
397 1410 434 1468 ut
457 1414 526 1470 cum
548 1404 639 1469 Delia
660 1405 725 1468 ruri
748 1405 887 1486 quietam
921 1406 1035 1493 degere
1057 1404 1155 1468 vitam
1176 1403 1292 1468 liceret.

144 1508 318 1574 Attamen
344 1508 466 1573 Deliam
488 1507 519 1570 in
542 1506 643 1592 officio
665 1507 817 1572 mansisse
840 1513 1014 1588 poetaeque
1036 1507 1199 1571 difficilem.
1245 1505 1295 1569 Ti-

145 1631 273 1676 ronem
302 1618 374 1676 tum
408 1611 558 1690 temporis
580 1610 610 1673 in
645 1611 802 1676 amoribus
836 1617 961 1691 poetam
995 1611 1091 1675 fuisse
1124 1627 1294 1689 eorumque

147 1715 275 1780 rudem
303 1713 384 1780 satis
407 1732 559 1795 apparere
582 1733 620 1778 ex
642 1732 679 1777 ea
701 1732 735 1778 ro
759 1715 842 1795 quod
876 1732 981 1793 ,novos
1004 1713 1137 1777 dolores‘
1171 1711 1230 1775 sibi
1251 1710 1296 1774 f-

150 1819 281 1884 rendos
324 1836 393 1882 esse
430 1816 547 1881 diceret
582 1835 619 1881 ac
655 1835 746 1896 ,nova
779 1817 895 1882 limina‘
943 1815 1096 1881 adeunda.
1155 1808 1296 1879 Necdum

155 1920 276 1987 inille
302 1915 695 2004 carminecommemorari
721 1920 849 1985 rivalem
887 1938 979 2001 quem
1015 1918 1126 2006 ceteris
1162 1917 1193 1981 in
1231 1935 1297 1981 car-

156 2023 305 2090 minibus
328 2027 423 2104 poeta
445 2027 643 2104 quereretur;
665 2038 737 2087 nam
760 2023 901 2088 uersibus
926 2026 975 2088 57.
1000 2024 1040 2088 58
1063 2020 1212 2102 quisunt

328 2127 375 2191 Tu
397 2132 503 2191 tamen
524 2121 682 2190 abstineas
706 2126 789 2205 aliis3
812 2145 886 2190 nam
909 2131 1013 2190 cetera
1036 2129 1143 2189 cernet

195 2219 199 2226 ⁴
234 2222 236 2226 ’
328 2229 453 2308 Omnia3
478 2229 517 2292 de
540 2247 590 2292 me
612 2247 673 2293 uno
696 2230 811 2293 sentiet
831 2229 883 2294 ille
905 2228 979 2292 nihil

167 2339 295 2418 certum
318 2333 446 2398 rivalem
476 2351 537 2396 non
570 2330 745 2413 significari.
791 2331 930 2397 Eandem
965 2330 1172 2411 suspicionem
1196 2329 1297 2409 siqua

167 2445 259 2504 esset
281 2437 378 2502 etiam
400 2437 431 2500 in
453 2435 547 2500 tertia
570 2433 669 2515 elegia
691 2435 744 2499 ubi
767 2453 906 2499 summus
928 2453 1016 2500 amor
1048 2440 1216 2514 utrumque
1251 2437 1297 2496 to-

167 2547 264 2607 neret
297 2545 409 2621 poetae
431 2544 539 2619 pectus
563 2538 765 2603 commovisse
788 2537 897 2615 (ctvv.
921 2539 1174 2618 81—8dlneque
1191 2541 1296 2599 tamen

171 2642 237 2707 illis
258 2643 362 2709 verbis
385 2641 554 2723 quidquam
585 2641 660 2705 certi
684 2641 823 2708 subesse.
868 2641 986 2719 Quibus
1020 2660 1058 2705 ox
1080 2638 1222 2703 omnibus
1245 2657 1299 2718 ap·
1332 2718 1334 2722 Ι

175 2763 288 2824 parere
310 2765 435 2812 carmen
458 2747 476 2808 2
499 2745 594 2826 priori
616 2745 698 2809 illius
721 2745 980 2825 amoristempori
1003 2742 1202 2807 tribuendum
1228 2760 1297 2804 esse

175 2854 271 2931 atque
294 2851 325 2913 id
349 2850 473 2930 quidem
497 2849 701 2928 compositum
717 2849 814 2912 videri
829 2848 931 2912 hicme
954 2846 1025 2910 anni
1049 2848 1111 2909 724
1134 2844 1299 2908 cumMes·

174 2954 244 3018 sala
257 2953 440 3034 Aquitanico
463 2951 543 3015 bello
556 2950 694 3015 confecto
706 2952 838 3015 Romam
849 2968 994 3014 reversus
1001 2951 1021 3031 ¹)
1034 2948 1076 3012 ibi
1088 2967 1145 3029 per
1166 2947 1300 3011 hiemem

174 3063 319 3122 moratus
332 3060 416 3119 esset
427 3055 609 3136 priusquam
620 3055 681 3120 iter
692 3054 723 3117 iu
730 3054 836 3118 Asiam
849 3051 1030 3132 susciperet.
1054 3051 1183 3115 Ineunte
1196 3054 1301 3113 autem

174 3179 249 3224 vere
263 3179 332 3224 curn
345 3158 481 3222 Messala
493 3157 524 3221 in
537 3157 695 3222 Orientem
708 3156 904 3238 profecturus
917 3161 1043 3235 poetam
1057 3154 1170 3218 iterum
1191 3152 1302 3216 iuvita-

175 3265 276 3354 visset
286 3267 360 3325 utse
373 3261 573 3326 comitaretur
584 3266 709 3340 poetam
717 3257 1301 3338 resisterediutiusnonpotuisseseque

85 3365 87 3371 ’
176 3368 207 3432 ei
235 3364 424 3429 adiunxisse.
479 3362 630 3445 Corcyrae
664 3369 731 3428 tum
764 3368 871 3438 natam
905 3380 973 3428 esse
1008 3361 1140 3442 elegiam
1173 3358 1299 3421 tertiam

178 3489 216 3534 ex
240 3487 303 3549 qua
326 3467 555 3547 perspiceretur
588 3472 739 3546 quantum
762 3467 793 3531 in
815 3464 924 3529 Deliae
962 3464 1065 3546 gratia
1095 3461 1300 3542 processisset

178 3578 274 3654 poeta
295 3572 479 3652 priusquam
501 3569 632 3640 Romam
655 3570 854 3650 relinqueret.
900 3567 981 3631 Nam
1010 3565 1209 3630 manifestum
1233 3581 1327 3626 esse-

179 3683 333 3742 votorum·
349 3693 475 3756 suorum
499 3692 570 3738 eum
593 3677 767 3754 compotem
799 3671 918 3736 factum
953 3688 1022 3734 esse
1059 3669 1142 3749 quod
1180 3666 1304 3748 quidem

180 3800 241 3845 non
264 3779 354 3844 claris
387 3777 489 3841 verbis
526 3776 732 3857 expressisset
754 3775 809 3839 sed
846 3774 922 3838 scite
955 3772 1175 3837 adumbrasset
1196 3769 1304 3834 Deliae

181 3884 276 3950 animi
298 3879 534 3947 sollicitudinem
561 3880 689 3961 eiusque
716 3879 764 3943 sui
800 3876 989 3941 desiderium
1026 3875 1210 3938 suavissime
1247 3872 1300 3936 de-

181 3986 366 4052 scribendo‘
496 3983 499 3988 ’
917 3979 919 3984 ’

267 4123 328 4189 Sed
350 4121 533 4203 priusquam
555 4118 740 4184 Baehrensii
762 4117 948 4182 sententiam
973 4117 1120 4180 enarrare
1135 4131 1304 4196 pergamus

126 4250 130 4256 ·
182 4227 241 4292 hoc
270 4225 337 4292 loco
356 4224 450 4288 liceat
485 4218 659 4304 parumper
695 4220 866 4285 subsistere
903 4223 998 4300 atque
1035 4218 1211 4308 examinare
1246 4232 1307 4295 quo
1373 4209 1405 4284 ’,

183 4331 251 4394 iude
274 4348 374 4411 qttave
396 4327 508 4390 iniuria
530 4345 568 4390 ea
591 4343 671 4407 quae
694 4324 795 4388 adhuc
817 4323 1030 4388 enarravimus
1054 4319 1208 4387 statuerit.

184 4451 387 4462 ...-----

251 4502 272 4569 l)
289 4501 318 4551 of
343 4499 411 4564 quod
431 4514 456 4563 p.
477 4499 507 4554 ll
526 4497 587 4556 adn.
605 4497 621 4549 3
639 4494 836 4561 disputavimus.
