3156 5040
819 305 862 320 ...
906 257 1032 339 42'..

366 467 436 528 sent
436 463 488 528 iun
489 461 601 543 tquod
623 461 745 528 illomm
766 461 860 526 trium
887 462 1020 542 primum
1047 464 1274 577 compositum
1300 479 1374 528 esse
1389 466 1500 544 putant:

369 565 424 630 scd
448 565 486 630 de
509 564 620 628 ceteris
642 563 743 628 adhuc
765 563 895 646 ambigit
895 583 940 628 ur

450 668 495 732 Ac
516 666 592 730 mihi
627 665 752 747 quidem
784 685 846 732 non
869 667 996 732 dubium
1029 668 1158 734 videtur
1196 669 1281 752 quin
1306 669 1412 752 elegia
1431 686 1502 732 nona

365 775 450 836 recte
472 770 571 834 locum
595 769 735 834 obtineat
756 774 828 850 post
849 768 981 851 elegiam
1003 775 1158 836 octavam.
1211 773 1280 837 Hic
1304 772 1392 838 enim
1414 775 1460 835 est
1477 769 1497 832 si

367 873 441 954 quid
464 866 555 936 video
577 871 608 935 in
630 871 752 936 illorum
774 877 907 953 utroque
930 874 1100 938 carminum
1122 876 1378 944 sententiarum
1400 891 1499 938 nexus:

368 974 490 1057 ,Celare
511 992 561 1039 me
582 991 645 1039 non
667 975 794 1056 poteris,
823 993 910 1056 puer,
934 976 1008 1057 quid
1041 977 1185 1042 animum
1214 983 1316 1043 tuum
1356 977 1498 1054 solhcitet;
1544 1045 1545 1052 χ

366 1078 484 1160 peritus
508 1077 589 1142 enim
612 1095 681 1141 sum
708 1077 823 1141 amoris
860 1095 952 1159 quem
987 1079 1144 1161 meipsa
1171 1081 1294 1146 Venus
1334 1099 1408 1162 ‚non
1444 1080 1497 1143 sine

366 1180 471 1246 multis
493 1179 685 1245 verberibus‘
707 1179 821 1245 docuit.
844 1179 993 1270 ,Puellae
1016 1182 1181 1248 cuiusdam
1213 1190 1251 1248 te
1291 1183 1398 1248 teneri
1430 1181 1498 1246 desi·

366 1283 453 1348 derio
474 1281 655 1348 iamdudum
678 1282 748 1348 scio.
794 1282 905 1362 Actu,
937 1283 1050 1366 puella,
1073 1303 1188 1366 precor
1227 1287 1277 1352 sis
1317 1285 1422 1350 satiba
1442 1283 1497 1348 Ma·
1545 1317 1546 1360 ι

364 1385 455 1452 ratbo
476 1403 538 1450 neu
560 1404 631 1450 eum
653 1390 816 1466 torqueas;
839 1385 1017 1451 mihicrede
1039 1403 1159 1452 summo
1184 1389 1222 1454 in
1247 1395 1285 1454 te
1298 1405 1412 1454 amore
1434 1404 1492 1450 eun

364 1487 506 1572 flagrare.
552 1488 623 1570 lpse
656 1488 813 1569 quondam
849 1488 1050 1569 superbiebat
1082 1495 1306 1574 amantesque
1342 1488 1491 1562 illudebat

361 1611 442 1658 nuno
464 1611 535 1657 eum
558 1596 702 1656 assecuta
713 1595 763 1656 est
783 1609 884 1672 poena
917 1609 997 1674 quae
1019 1597 1051 1656 te
1073 1610 1201 1676 quoque
1227 1599 1349 1660 manet
1371 1592 1431 1658 nisi
1451 1590 1491 1653 de·

362 1697 437 1763 sinis
460 1714 529 1762 erse
551 1695 707 1776 superba‘
732 1729 767 1740 -
792 1693 860 1760 Hoc
892 1693 957 1759 lere
994 1699 1043 1760 est
1078 1703 1317 1779 argumentum
1358 1691 1492 1762 carminis

364 1799 474 1867 octad.
517 1797 587 1864 Iam
609 1816 646 1864 eo
668 1798 751 1878 quod
774 1797 915 1878 sequitur
936 1803 1030 1877 poeta
1056 1799 1355 1871 vehementissime,
1382 1799 1414 1862 in
1434 1793 1488 1859 Ma·

363 1903 488 1969 rathum
510 1899 665 1966 invehitur
686 1899 769 1981 quod
792 1898 982 1980 peiuravsrit
1008 1920 1146 1982 auroque
1175 1908 1299 1984 captus
1339 1900 1394 1967 alii
1420 1913 1489 1964 ama·

363 2006 425 2072 tori
447 2005 538 2088 eique
560 2021 636 2088 cano
659 2021 695 2068 ac
716 2001 829 2084 frigido
852 2021 885 2066 se
909 2003 1044 2082 dederit;
1068 2023 1137 2069 eom
1170 2024 1317 2087 poenam
1355 2003 1400 2068 illi
1431 2015 1486 2081 pro
1547 2056 1548 2084 p

291 2167 294 2175 .
362 2114 451 2174 catur
486 2111 522 2172 ut
557 2105 662 2188 puella
698 2105 739 2170 ad
760 2103 868 2186 'quam
890 2124 984 2187 saepe
1000 2107 1028 2170 ei
1054 2109 1215 2188 paraverit
1241 2107 1376 2173 aditum
1404 2115 1481 2182 acque

363 2216 459 2292 atque
481 2209 548 2291 ipse
570 2206 690 2290 perfida
724 2207 775 2273 sit.
820 2208 898 2273 Tum
920 2209 1027 2290 procul
1049 2209 1159 2274 abesse
1182 2210 1279 2276 iubet
1310 2223 1445 2292 puerum
1461 2203 1485 2264 ιι

364 2312 474 2378 foedus
497 2309 589 2377 solvit
614 2310 737 2376 amoris.
784 2311 931 2392 Sequitur
963 2313 1152 2393 corruptoris
1186 2313 1396 2395 imprecatio.
1438 2303 1488 2370 El·

364 2419 464 2481 tremo
488 2415 622 2505 carmine
643 2415 757 2479 iterum
786 2413 817 2478 in
844 2433 975 2496 puerum
998 2415 1153 2480 invehitur
1190 2435 1294 2498 quern·
1333 2435 1354 2481 a
1391 2431 1423 2478 se
1444 2409 1487 2472 de·

365 2524 484 2584 sertum
507 2537 601 2599 quam
622 2516 739 2582 acerba·
756 2535 824 2598 sors
847 2522 1066 2600 exspectatura
1088 2518 1130 2584 sit
1151 2519 1301 2601 pluribus
1328 2515 1485 2600 explicans.

448 2621 548 2700 Quam
570 2620 722 2685 rationem
738 2620 962 2685 sententiarum
985 2621 1011 2685 si
1033 2626 1087 2686 tuo
1103 2620 1215 2688 iudicio
1240 2611 1484 2688 consideraveris

365 2744 489 2790 carmen
516 2729 659 2790 octavum
692 2726 776 2786 recte
809 2722 908 2787 locum
932 2728 1004 2788 aute
1029 2741 1144 2789 nonum
1180 2724 1304 2790 habere
1345 2710 1484 2789 statuenti

363 2828 439 2894 mihi
480 2846 542 2900 non
574 2825 692 2908 poteris
713 2843 774 2889 non
790 2825 942 2890 assentiri.
987 2825 1034 2890 Ex
1056 2830 1124 2890 tota
1146 2828 1227 2892 enirn
1240 2829 1369 2911 elegiae
1392 2833 1481 2888 nonae

368 2930 543 2998 condicione
567 2933 699 3011 apparet
720 2932 845 3010 poetam
867 2928 1039 2994 valedicere
1061 2947 1159 3010 puero
1181 2949 1219 2996 ao
1233 2931 1352 2997 foedus
1377 2919 1480 2992 amoris

367 3035 503 3100 solutum
525 3033 612 3098 velle.
656 3026 737 3097 Nam
760 3032 942 3113 gravissime
970 3037 1018 3096 est
1040 3030 1174 3097 offensus
1213 3035 1301 3114 quod
1325 3024 1480 3098 Marathus

366 3137 539 3218 corruptori
561 3135 683 3200 cuidam
705 3135 772 3199 seni
805 3153 838 3198 se
872 3133 991 3199 dedidit
1023 3135 1071 3200 cni
1095 3135 1163 3200 dira
1185 3141 1218 3200 et
1253 3137 1345 3202 mala
1378 3133 1480 3210 impre-

367 3247 463 3307 catur.
509 3237 635 3304 Puellae
662 3237 746 3322 quod
782 3236 945 3301 Marathus
982 3241 1127 3303 teneatur
1163 3257 1270 3304 amore
1310 3237 1393 3304 adeo
1424 3240 1476 3293 110ss

366 3363 459 3427 aegre
482 3340 544 3408 lert
566 3345 602 3406 ut
623 3359 681 3406 sua
703 3357 799 3421 opera
820 3357 857 3404 ac
888 3338 1036 3406 beneficio
1074 3345 1214 3406 amantes
1251 3359 1353 3424 saepe
1390 3325 1474 3402 couci·

364 3445 457 3513 liarit.
510 3445 600 3512 Unde
623 3441 701 3509 effici
723 3442 799 3507 mihi
820 3443 943 3510 videtur
964 3443 1046 3508 inter
1064 3441 1218 3509 Tibullum
1247 3449 1281 3510 et
1303 3434 1469 3510 Marathum

364 3565 426 3617 non
449 3550 542 3615 istam
564 3547 731 3630 pessimam
754 3550 883 3611 consuet
868 3546 1008 3611 tudinem
1030 3565 1066 3612 ac
1097 3550 1229 3612 naturae
1255 3540 1473 3629 repugnantem

366 3653 577 3720 intercessisse
610 3651 650 3715 ad
674 3668 768 3733 quam
790 3649 841 3742 ille
863 3666 957 3744 senex
990 3649 1171 3715 libidinosus
1204 3667 1338 3731 puerum
1373 3641 1474 3728 posita

365 3756 541 3838 pelliciebat
574 3756 623 3821 cui
644 3755 816 3819 sententiae
849 3751 881 3818 id
903 3770 1027 3834 quoque
1060 3753 1206 3818 convenit
1243 3753 1327 3834 quod
1365 3741 1473 3814 nullum

365 3859 494 3927 verbum
517 3858 633 3925 detali
655 3875 715 3922 usu
736 3857 841 3922 blarat
841 3853 872 3920 hi
827 3842 1018 3936 tpoeta
1010 3875 1041 3920 in
1064 3855 1249 3921 carminibus
1272 3847 1412 3921 tradidit

291 4045 293 4050 Ι
450 3963 511 4029 Sed
533 3961 699 4028 vehemoht
685 3966 734 4026 ter
762 3959 922 4042 quaeritur
957 3977 1019 4040 quo
1055 3963 1195 4039 tempore
1231 3959 1308 4024 haec
1346 3945 1474 4022 carmina

364 4067 535 4148 composita
556 4065 627 4131 sint.
673 4064 741 4143 Qua
763 4062 887 4145 quidem
909 4062 940 4127 in
963 4061 1144 4144 quaestione
1167 4061 1362 4143 explananda
1384 4049 1473 4120 etiam

364 4173 467 4238 minus
490 4171 673 4236 adiuvamur
690 4164 879 4238 testimoniis
912 4163 1061 4231 historiae
1083 4183 1177 4246 quarn
1212 4165 1244 4230 in
1265 4163 1373 4230 Deliae
1412 4163 1472 4216 clf·

365 4276 483 4342 minum
505 4279 645 4354 tempore
667 4269 890 4352 perspiciendo,
903 4284 973 4334 curn
995 4263 1025 4332 in
1041 4267 1226 4334 carminibus
1250 4267 1289 4332 ad
1301 4257 1472 4332 Marathum

365 4379 462 4461 script
462 4377 488 4443 is
509 4376 601 4458 plane
622 4374 707 4440 nulla
728 4371 878 4454 temporis
906 4366 1090 4452 descriptio
1099 4371 1185 4453 legat
1184 4389 1233 4450 ur;
1271 4389 1332 4452 quo
1363 4363 1470 4429 factum

362 4488 413 4548 est
433 4487 470 4546 ut
456 4479 596 4546 tetiam
618 4479 657 4543 de
683 4477 793 4544 horum
830 4481 969 4558 tempore
1004 4477 1128 4540 sentent
1115 4471 1176 4540 tlae
1212 4474 1347 4540 virorum
1381 4463 1408 4528 (l
1442 4469 1470 4518 ¹¹¹
