3156 5040
498 271 851 368 .-ro-'-

84 479 88 487 ’
146 492 233 556 satis
258 491 340 556 clare
360 492 462 557 elucet
484 491 661 573 Augustum
683 485 863 572 praetorum
886 492 933 556 ius
956 489 1100 572 frangero
1122 493 1268 577 voluisse,

149 594 295 658 Messala
316 600 419 659 autom
442 595 502 658 etsi
524 613 581 674 pro
596 595 641 658 rei
664 594 805 675 publicae
828 598 987 675 quactum
1010 600 1078 659 erat
1094 596 1270 660 condicione

154 697 288 778 Augusti
309 697 474 777 imperium
496 716 557 761 non
579 698 671 762 modo
693 716 754 762 non
776 697 973 777 improbabat
1007 697 1062 761 sed
1086 697 1181 762 etiam
1203 704 1269 763 sta·

55 843 63 854 ·
153 800 242 864 bilire
264 800 412 865 studebat
444 805 599 864 tamense
621 800 782 882 indignum
804 799 937 881 putabat
959 819 1029 864 eum
1051 801 1270 883 magistratum

148 921 262 984 gerere
283 920 377 982 quem
399 904 439 967 ad
461 903 637 967 libertatem
660 903 782 983 patriae
805 903 1040 983 opprimendam
1063 908 1096 967 et
1117 905 1269 969 maiorum

145 1005 295 1070 instituta
316 1006 468 1070 vertenda
490 1006 693 1071 constitutum
719 1024 788 1070 esse
816 1005 956 1071 omuibus
979 1006 1010 1069 in
1036 1011 1183 1088 promptu
1206 1027 1270 1072 ma-

144 1107 359 1189 nifestumque
407 1113 483 1173 erat.
543 1107 739 1189 Itaqueiam
776 1114 844 1172 tum
870 1108 1040 1172 multorum
1084 1110 1261 1191 aequalium

148 1211 328 1290 exemplum
349 1215 475 1276 secutus
498 1230 588 1276 curas
615 1209 754 1292 publicas
791 1216 824 1276 et
858 1211 992 1276 honores
1025 1212 1111 1276 misit
1144 1213 1294 1295 otioque·

150 1314 330 1378 litterarum
351 1318 454 1379 totum
476 1331 509 1377 se
532 1313 669 1378 tradidit.
1205 1383 1207 1388 ,

238 1417 326 1481 Haec
362 1422 435 1482 sunt
471 1435 551 1498 quae
593 1415 732 1481 Teuffelii
770 1417 963 1482 coniecturae
1000 1418 1039 1482 de
1074 1417 1164 1510 bellis
1201 1424 1274 1498 post

52 1570 56 1577 .
147 1539 175 1584 a.
220 1521 284 1582 727
321 1539 341 1583 a
382 1519 520 1584 Messala
557 1520 654 1602 gestis
691 1538 820 1600 prorsus
856 1525 1038 1602 repugnent.
1085 1521 1129 1585 Ac
1165 1539 1203 1585 ne
1239 1521 1271 1585 in

147 1642 187 1688 ea
231 1622 358 1704 quidem
399 1641 434 1686 re
476 1615 521 1686 illi
556 1623 623 1687 viro
660 1621 689 1686 d.
728 1623 882 1688 assentior
919 1623 1011 1705 quod,
1049 1623 1076 1687 si
1113 1627 1272 1688 statuatur

151 1725 268 1806 elegias
289 1725 361 1789 libri
390 1725 481 1806 primi
503 1724 586 1790 intra
623 1743 719 1789 annos
757 1725 819 1789 724
855 1730 888 1789 ot
920 1727 981 1789 727
1018 1744 1087 1790 esse
1121 1727 1272 1806 composi·
1374 1807 1377 1814 ι

152 1834 213 1908 tas,
255 1827 426 1892 desiderari
469 1827 601 1908 putabat
644 1828 780 1892 carmina
814 1847 915 1910 quae.
939 1828 1055 1893 ultimis
1096 1829 1185 1894 annis
1222 1829 1270 1894 Ti·

153 1929 229 1994 bulli
250 1931 363 1995 aetatis
383 1931 601 2002 tribueremus.
638 1931 814 1996 ‘Habemus
836 1937 938 1997 totum
962 1930 1076 2024 librum
1101 1932 1270 1997 secuudum

152 2032 208 2114 qui
232 2051 288 2096 sex
310 2033 428 2114 elegias
451 2033 588 2098 continet
610 2039 773 2115 totumque
796 2038 924 2115 excepto
949 2035 1135 2117 panegyrico
1157 2035 1270 2099 librum

147 2141 299 2216 quartum
313 2136 367 2216 qui
379 2154 582 2218 permagnum
594 2138 828 2212 numerumll3l
836 2137 1004 2202 carminum
1014 2143 1050 2202 ut
1061 2137 1135 2202 mihi
1143 2139 1268 2220 quidem

146 2239 274 2303 videtur
305 2257 379 2303 vere
411 2239 654 2304 Tibullianorum
687 2240 902 2320 complectitur
935 2259 1015 2320 quae
1057 2240 1141 2305 haud
1174 2242 1267 2306 dubie

149 2342 271 2406 ultimis
295 2342 409 2407 aetatis
432 2342 543 2407 Tibulli
565 2343 653 2406 annis
675 2347 751 2407 nata
774 2347 854 2416 sunt,
899 2343 1048 2407 Videmus
1071 2344 1167 2424 igitur
1178 2344 1268 2409 Teuf-

148 2443 256 2509 felium
279 2445 333 2508 illa
356 2445 498 2526 opinione
523 2464 585 2526 qua
607 2445 740 2526 putabat
761 2443 829 2509 fieri
863 2465 955 2526 posse
988 2450 1024 2510 ut
1058 2465 1095 2510 ex
1129 2448 1268 2513 oratione

147 2553 179 2612 et
201 2548 427 2628 compositione
450 2549 642 2630 singulorum
665 2549 835 2613 carminum
857 2567 965 2613 eorum
981 2549 1057 2615 ordo
1073 2556 1175 2614 certus
1199 2571 1269 2616 con·

148 2651 335 2715 stitueretur
356 2652 519 2716 seductum
542 2670 641 2732 usque
671 2670 708 2715 eo
730 2652 909 2732 pervenisse
938 2656 975 2715 ut
996 2671 1052 2732 pro
1081 2654 1163 2717 veris
1187 2673 1268 2718 com-

151 2755 314 2818 mendaret
340 2773 421 2834 quae
453 2774 491 2819 ue
515 2755 649 2836 speciem
672 2754 797 2836 quidem
824 2755 966 2819 veritatis
989 2774 1064 2836 prae
1096 2773 1130 2820 se
1153 2755 1264 2836 ierunt.

228 2856 342 2938 Neque
364 2857 463 2938 magis
486 2857 658 2922 Hankelius
681 2857 733 2939 qui
756 2858 866 2922 eadem
888 2858 1009 2930 ratione
1030 2858 1062 2922 in
1078 2859 1264 2924 carminibus

148 2959 326 3041 digerendis
349 2979 425 3024 usus
447 2966 497 3025 est
511 2979 633 3026 errores
656 2961 739 3025 cavit
772 2979 867 3042 quarn
889 2959 1063 3024 Tcuffelius.
1108 2961 1167 3026 Hic
1208 2964 1268 3028 etsi

147 3062 253 3143 paullo
275 3063 391 3127 rectius
414 3082 507 3144 quam
533 3062 584 3128 ille
607 3064 769 3128 constituit
791 3063 930 3128 ordinem
954 3064 1124 3128 carminum
1146 3084 1268 3130 eorum-

148 3184 208 3247 que
231 3171 376 3247 tempora
397 3166 542 3231 natalicia
576 3171 680 3231 tamen
703 3166 770 3230 eius
807 3167 982 3246 quaestioni
1016 3167 1125 3232 subest
1147 3169 1265 3250 gravis-
1374 3249 1376 3254 Ι

148 3270 263 3334 simum
284 3269 394 3335 vitium
417 3269 450 3333 in
471 3288 536 3353 quo
549 3269 723 3352 detegendo
745 3288 827 3334 nunc
840 3288 1009 3350 parumper
1032 3289 1265 3340 commoremur.

234 3407 444 3488 Quaecunque
475 3407 571 3489 igitur
593 3407 765 3470 Haukelius
799 3406 837 3470 de
875 3407 1062 3472 carminibus
1085 3408 1267 3475 Tibullianis

148 3509 180 3573 iu
202 3513 323 3573 rectum
351 3510 489 3574 ordinem
512 3505 689 3592 redigendis
716 3509 847 3590 protulit
869 3529 907 3574 ea
944 3510 1157 3576 dissertationi
1190 3531 1266 3578 suae

149 3612 272 3676 addidit
294 3631 356 3692 qua
377 3612 510 3693 probare
533 3612 681 3693 studebat
705 3613 926 3695 panegyricum
949 3632 1027 3694 opus
1063 3633 1136 3680 vere
1158 3615 1265 3681 Tibul-

148 3714 267 3779 lianum
289 3718 393 3790 esse.¹)
437 3714 495 3779 Cui
530 3720 625 3798 negat
660 3714 758 3779 ullum
794 3716 965 3780 carrniuum
1001 3717 1132 3783 aliorum
1168 3720 1267 3785 multo

149 3822 181 3881 et
203 3817 429 3883 sententiarum
451 3837 530 3883 nexu
553 3824 587 3884 et
618 3819 848 3906 compositionis
882 3819 1038 3900 elegantia
1070 3822 1266 3901 superiorum

148 3919 236 3985 brevi
258 3926 381 3987 tautum
403 3922 505 4003 spatio
528 3921 723 3987 successisse.
772 3923 876 4004 Atque
904 3929 977 3987 cum
1007 3924 1036 3988 ei
1069 3941 1107 3988 ex
1129 3926 1266 4006 Appiani

150 4023 252 4101 verbis
274 4024 473 4090 subobscuris
497 4030 529 4090 et
550 4025 658 4090 Dionis
680 4043 755 4090 voce
778 4019 911 4113 ὕστερον
926 4013 1167 4108 acompiuribus
1189 4028 1280 4105 viris¹

151 4127 179 4193 d.
203 4126 461 4210 male-explicata
483 4128 636 4194 dubitatio
660 4127 815 4210 quaedam
838 4129 1078 4194 subnasceretur
1099 4149 1173 4194 num
1191 4131 1266 4196 ordo

151 4249 254 4295 rerum
276 4230 337 4295 illis
359 4231 549 4312 temporibus
583 4237 743 4314 gestarum
776 4250 795 4296 a
827 4232 925 4297 doctis
961 4239 1046 4299 recte
1079 4238 1164 4298 esset
1196 4253 1267 4299 cou-

151 4334 280 4399 stitutus
301 4334 381 4399 hanc
402 4353 468 4400 rem
490 4335 522 4399 iu
544 4335 737 4402 subtiliorem
759 4336 882 4401 vocavit
913 4336 1128 4418 quaestionem
1160 4337 1268 4424 eisque
1348 4385 1353 4394 -.

217 4504 239 4575 1)
256 4507 317 4562 att.
334 4521 386 4564 m.
405 4505 468 4572 pm.
485 4467 556 4573 rap.
575 4505 649 4564 raro.
674 4523 700 4572 p.
717 4505 752 4564 45
769 4469 810 4573 ni.
