3156 5040
535 104 819 224 1-31-

172 347 327 412 credibile
358 368 402 413 noo
431 353 577 429 putamus
611 347 773 424 Tibullum,
824 347 924 411 uirum
961 345 1138 411 modestum
1175 351 1269 428 atque

176 451 285 516 animo
296 453 474 531 vuambano,
489 469 619 532 passum
641 469 709 514 esse
732 449 899 514 aMessala
921 450 1034 524 iterum
1046 450 1221 530 iterumque
1235 464 1268 514 se

179 553 320 632 precibus
329 555 410 635 urgeri
431 553 652 636 priusquamei
668 554 901 632 obsequeretur.
936 552 1034 617 Immo
1057 551 1186 617 dubium
1208 571 1269 624 nou

185 655 301 719 videtur
329 659 386 739 quin
414 657 570 721 Messalae
600 656 740 736 quamvis
773 655 1004 720 inrito-animo
1036 655 1143 719 statim
1176 661 1270 737 poeta

183 775 215 820 se
235 759 397 838 adiunxerit3
420 779 458 824 ex
482 778 545 840 qua
566 763 671 823 tamen
700 777 734 822 re
767 758 950 839 gravissime
984 763 1113 838 peccant
1145 759 1199 840 qui
1220 758 1270 822 Ti-

179 859 292 925 bullum
311 863 432 945 collgant
454 869 521 926 tarn
543 860 708 926 obnoxium
730 861 974 942 obstrictumque
996 860 1091 924 luisse
1113 859 1267 927 Messalae

181 965 218 1025 ut
238 964 267 1026 ei
287 983 336 1028 non
352 971 408 1032 tam
429 966 539 1030 liceret
561 963 714 1028 ad'suum
737 964 901 1028 arbitrium
929 964 1012 1028 vitae
1047 964 1201 1030 rationem
1223 966 1268 1029 in-

180 1064 304 1130 stituere
321 1087 394 1149 quam
417 1066 615 1133 subeundum
638 1071 722 1132 esset
750 1066 956 1148 quodcunque
989 1067 1040 1131 ille
1077 1065 1182 1132 fautor
1214 1087 1269 1148 po-

183 1169 347 1246 tentissimus
365 1172 520 1236 iussisset*
562 1169 671 1250 Neque
694 1169 774 1234 enim
798 1188 934 1252 unquam
957 1170 1016 1234 etsi
1049 1170 1143 1234 variis
1176 1171 1269 1236 bene·

185 1267 252 1334 liciis
271 1292 287 1336 a
304 1273 427 1339 Messala
450 1272 596 1337 allectum
633 1291 704 1336 eum
728 1289 797 1336 esse
833 1273 971 1350 veri,est
1006 1273 1105 1337 simile
1142 1273 1171 1338 ei
1203 1278 1268 1338 tarn

187 1373 333 1440 subiectum
354 1377 591 1456 devinctumque
614 1375 752 1440 Tibullus
775 1394 809 1440 se
831 1375 967 1440 reddidit
994 1381 1030 1441 ut
1062 1395 1131 1440 cum
1164 1375 1269 1458 aliqua

179 1477 235 1540 u'eri
254 1481 340 1558 specie
360 1481 424 1544 tale
448 1479 523 1560 quid
554 1478 785 1558 arbitraremur,
816 1479 864 1543 cui
901 1479 946 1542 rei
983 1479 1160 1544 testimonio
1196 1486 1269 1545 sunt

184 1577 238 1642 eius
257 1584 376 1648 carmina
397 1583 431 1646 in
454 1582 567 1662 quibus
591 1597 793 1662 quaecunque
816 1582 855 1646 de
878 1600 936 1644 usu
949 1600 1005 1646 suo
1020 1581 1175 1646 Messalae
1198 1601 1268 1663 pro-

185 1679 251 1745 didit
268 1702 296 1750 ea
314 1686 412 1751 omnia
435 1704 497 1749 non
519 1681 585 1749 tam
606 1684 856 1764 potentissimum
883 1685 967 1748 vitae
1000 1685 1151 1748 arbitrum
1174 1705 1267 1767 qnam

184 1785 289 1850 amicum
316 1771 640 1855 benevolentissimum
679 1792 830 1868 spectant.
887 1787 1056 1854 (lenseruns
1090 1787 1186 1868 igitur
1218 1789 1268 1854 Ti·

183 1887 272 1953 bolum
289 1890 442 1956 Messalae
464 1890 607 1970 precibus
630 1890 737 1953 statim
769 1890 950 1954 obsecutum
984 1910 1054 1955 eum
1088 1891 1119 1955 in
1152 1891 1268 1956 bellum

176 1989 308 2058 ledaeum
330 1995 512 2059 comitatum
533 2011 602 2056 esse
625 1992 757 2073 indeque
781 2011 850 2056 cum
883 1993 973 2056 eoin
1004 1993 1164 2059 Orientem
1197 2014 1267 2078 pro-

174 2091 247 2160 ficisci
266 2097 405 2162 voluisse.
452 2095 521 2173 Qua
549 2095 580 2158 in
614 2095 808 2175 expeditione
843 2114 911 2160 curu
945 2096 976 2159 in
1009 2097 1110 2162 insula
1134 2097 1268 2180 Corcyra

177 2206 259 2263 norbo
280 2200 454 2279 implicatus
477 2217 637 2262 remanere
666 2203 831 2280 cogeretur
863 2217 988 2262 carmen
1022 2201 1151 2276 tertium
1185 2219 1267 2265 com-

174 2303 334 2384 posuitque
357 2303 396 2367 de
420 2301 506 2366 abitu
523 2302 717 2366 suoexurbe
739 2302 852 2364 misere
877 2301 1017 2382 queritur
1040 2322 1135 2385 seque
1164 2303 1267 2384 ipsum

173 2405 345 2470 vehementer
368 2404 567 2486 reprehendit
590 2405 674 2484 quod
690 2405 811 2467 Deliam
834 2423 924 2468 suain
947 2410 979 2469 et
990 2407 1125 2487 patriam
1148 2411 1266 2471 tenuere

171 2508 314 2590 reliquerit.
362 2508 389 2572 Ε
410 2508 518 2572 morbo
542 2514 645 2594 autern
669 2511 827 2571 recreatus
851 2508 957 2572 statim
972 2508 1105 2573 Romam
1137 2510 1265 2590 repetiit

173 2611 212 2674 ubi
228 2613 296 2676 milri
319 2612 446 2692 quidem
478 2609 638 2691 'probabile
672 2610 795 2673 videtur
828 2611 1001 2676 condidisse
1036 2630 1107 2675 eum
1140 2631 1265 2676 carmen
1294 2665 1298 2676 .

172 2714 280 2792 primum
302 2714 457 2779 Messalae
491 2732 525 2776 so
559 2718 777 2777 excusaturum
815 2732 869 2776 eur
904 2714 1082 2778 valetudine
1119 2715 1266 2780 restituta

171 2819 280 2884 unicum
300 2837 362 2882 non
385 2820 570 2897 sequeretur
592 2815 647 2880 sed
669 2816 701 2879 in
723 2816 799 2879 urbe
822 2817 922 2881 Roma
944 2816 1051 2880 mallet
1073 2836 1247 2882 remanere.

235 2923 317 2987 llaec
340 2939 410 2984 mea
432 2920 471 2984 de
500 2919 612 2987 harum
649 2924 781 3000 utraque
819 2919 988 3000 elegiarum
1025 2925 1074 2984 est
1111 2921 1266 2985 sententia

174 3041 218 3104 qua
237 3021 309 3106 puto
331 3023 464 3104 primam
487 3028 559 3102 post
581 3012 706 3086 tertiam
729 3039 799 3085 esse
822 3022 1034 3102 compositam.
1324 3021 1328 3030 '

656 3279 753 3358 rx.
816 3376 822 3392 ,

238 3410 298 3501 lam
321 3435 361 3500 ad
384 3409 532 3500 carmina
547 3433 574 3498 2.
609 3437 637 3498 5.
672 3437 692 3496 6
725 3438 923 3499 transeuntes
956 3437 996 3500 de
1029 3435 1139 3499 horum
1174 3434 1265 3514 primi

170 3540 274 3620 quidem
294 3546 432 3619 tempore
456 3537 572 3618 aliquid
595 3537 671 3601 certi
693 3542 832 3601 statuere
855 3555 1020 3618 possumus
1043 3556 1131 3602 exv.
1157 3539 1262 3604 69-72.
1306 3562 1309 3568 ·

134 3641 137 3650 “
171 3642 200 3706 lo
216 3643 257 3706 his
278 3643 355 3706 enim
377 3641 518 3705 versibus
555 3647 815 3705 commemoratur
850 3640 965 3705 bellurn
1002 3640 1159 3721 quoddam
1195 3658 1265 3705 con-

52 3717 53 3744 *
135 3779 140 3788 ·
171 3745 321 3810 traGilices
344 3749 467 3825 gestum
501 3743 613 3824 quibus
636 3742 711 3807 nihil
727 3743 810 3806 aliud
823 3749 917 3823 poeta
939 3743 1063 3807 videtur
1074 3744 1265 3822 spectavisse

172 3849 219 3912 uisi
237 3867 279 3912 res
300 3867 319 3912 a
340 3847 476 3912 Messala
498 3847 529 3909 in
553 3845 658 3910 Cilicia
680 3851 795 3926 gestas.
841 3844 908 3910 Iam
924 3864 994 3909 cum
1005 3845 1143 3910 Messala
1156 3846 1264 3928 Spriae

174 3948 333 4031 Ciliciaeque
355 3939 526 4032 praefuerit
547 3966 603 4029 per
625 3968 653 4014 a.
679 3950 741 4012 724
764 3955 796 4013 et
817 3954 940 4029 partem
963 3947 1034 4012 anni
1058 3951 1120 4012 725
1132 3953 1265 4028 apparet

174 4053 237 4119 hano
255 4053 378 4134 elegiam
400 4073 461 4118 non
491 4058 563 4116 ante
586 4069 613 4116 a.
650 4051 711 4115 725
733 4056 841 4115 natam
874 4069 951 4116 esse.
997 4051 1059 4116 Sed
1092 4051 1131 4115 de
1164 4050 1264 4131 elegia

177 4158 235 4221 tet
253 4159 268 4220 6
286 4157 375 4237 plane
396 4175 453 4221 nos
483 4154 630 4219 deficiunt
666 4153 859 4232 testimonia3
898 4172 970 4218 uam
1009 4154 1091 4234 quod
1128 4171 1151 4216 c.
1192 4155 1263 4232 537

176 4265 250 4340 poeta
268 4256 350 4338 dicit;
370 4259 443 4339 ¹,huc
464 4252 568 4323 ueniet
595 4259 733 4334 Messala
747 4258 846 4319 meus‘
869 4257 1057 4338 me‘quidem
1079 4254 1179 4319 iudice
1191 4254 1263 4319 inde

170 4362 289 4428 'concludi
334 4380 394 4426 non
430 4366 536 4442 potest
570 4361 740 4426 Messalam
777 4358 940 4424 etiamtum
988 4359 1088 4423 Roma
1136 4355 1261 4422 afuisse.
