3156 5040
719 247 923 323 ¹-aa-

264 448 425 516 10101101
470 447 557 525 Quae
591 446 745 512 sententia
782 446 876 510 etiam
912 441 1006 511 ver'su
1044 447 1083 510 15
1121 445 1302 510 adiuvatur
1344 464 1411 526 quo

85 556 89 563 '
144 629 152 642 ,
263 555 410 632 precatur
431 554 526 631 poeta
548 549 623 614 deos
644 567 708 614 non
728 553 765 615 ut
798 566 832 612 se
864 548 896 612 in
928 561 1034 630 pugna
1067 552 1215 614 tueantur
1268 549 1335 613 sed
1373 553 1412 612 ut

265 653 350 719 domi
372 671 406 718 se
429 651 592 720 retineant.

350 756 393 820 At
415 754 551 820 nondum
574 755 716 835 quaestio
738 754 872 819 diremta
899 758 948 819 est
970 775 1032 836 qua
1058 753 1234 834 inquiratur
1267 754 1412 836 quando

265 858 381 924 bellum
403 877 464 937 quo
486 857 666 922 imminente
689 857 827 922 Tibullus
858 856 898 922 ad
931 876 1055 922 carmen
1079 858 1119 920 10
1142 858 1413 938 componendum

268 962 421 1027 excitatns
445 966 494 1024 est
516 965 638 1041 gestum
663 960 713 1025 sit.
1032 952 1034 958 ’

356 1063 399 1127 At
421 1063 513 1128 certis
547 1063 740 1143 temporibus
773 1063 805 1126 id
838 1062 1088 1128 circumscribere
1120 1082 1182 1127 non
1214 1063 1296 1127 11001
1336 1081 1414 1127 0010

265 1168 356 1248 plane
378 1185 435 1230 000
458 1164 610 1230 deficiant·
626 1165 775 1230 historiae
798 1165 985 1231 testimonia.
1032 1165 1186 1246 Equidem
1209 1170 1245 1230 ut
1256 1166 1413 1248 ingenue

266 1268 414 1336 confitear
436 1269 519 1349 quod
541 1268 641 1333 000110
665 1273 787 1332 1001010
809 1269 947 1333 0100101
969 1268 1142 1333 existimem
1153 1268 1270 1333 bellum
1299 1268 1414 1350 quod-

267 1374 339 1437 dam
361 1375 479 1436 certum
501 1376 627 1457 poetam
650 1389 774 1435 carmen
789 1371 942 1436 decimum
965 1376 1199 1452 componentem
1212 1372 1413 1452 respexisse
1434 1437 1437 1442 ,

267 1481 302 1540 ut
324 1474 589 1539 verisimillimum
602 1491 671 1538 esse
694 1475 827 1554 credam,
862 1493 931 1550 cum
955 1474 1085 1539 dilectus
1108 1475 1234 1555 quidam
1257 1475 1413 1538 militum

267 1579 400 1643 instaret
427 1577 582 1641 Tibullum
612 1576 753 1641 iuvenem
788 1577 890 1642 animo
923 1578 1014 1642 valde
1048 1577 1209 1642 turbatum
1243 1577 1412 1643 sollicita-

266 1688 396 1762 tumque
418 1680 563 1745 dolorem·
580 1699 671 1744 sunm
693 1684 726 1743 et
747 1683 866 1745 metum
887 1681 945 1746 boc
974 1680 1109 1746 carmine
1136 1679 1291 1745 effudisse.
1346 1678 1411 1744 Di-

265 1786 364 1850 lectus
388 1789 493 1849 autem
516 1783 649 1847 militum
671 1783 731 1846 illis
753 1783 946 1863 temporibus
969 1784 1081 1864 quibus
1104 1783 1244 1848 Tibullus
1266 1782 1407 1848 iuvenis

267 1892 346 1967 erat,
370 1885 906 1975 011110110000111000100001100
933 1887 964 1949 in
997 1885 1064 1950 dies
1087 1886 1192 1967 plnres
1226 1885 1410 1968 exigebant

267 1991 390 2070 milites,
415 1990 455 2054 ad
469 1988 608 2070 legiones
637 1988 753 2054 crebris
782 1988 907 2068 proeliis
944 1988 1120 2054 deminutus
1157 1990 1272 2054 iterum
1310 2007 1408 2054 com-

266 2093 396 2174 plendas
419 2091 511 2157 001110
533 2091 726 2172 frequentius
748 2091 872 2156 habitos
895 2109 1047 2156 essenon
1070 2111 1148 2172 opus
1171 2096 1220 2157 est
1249 2091 1406 2172 pluribus

268 2195 379 2262 dicere.
425 2193 506 2272 Quid
527 2195 624 2276 igitur
660 2195 765 2260 obstat
787 2194 951 2275 quominus
974 2194 1128 2259 Tibullum
1166 2193 1401 2272 existimemus

270 2318 340 2364 cum
362 2298 493 2363 dilectus
516 2298 682 2378 aliqnando
704 2297 881 2377 haberetur,
921 2316 990 2362 cum
1027 2297 1210 2378 aequalibus
1247 2297 1312 2361 suis
1355 2295 1402 2360 ad

269 2402 385 2466 bellum
407 2405 570 2465 evocatum
598 2401 733 2465 carmine
758 2400 797 2464 10
820 2400 958 2465 dolorem
980 2419 1071 2464 suum
1104 2400 1143 2465 de
1175 2399 1234 2464 hac
1271 2417 1305 2462 re
1342 2418 1403 2464 ex-

269 2505 431 2585 pressisse,
453 2507 565 2584 000100
586 2508 692 2568 tamen
713 2502 816 2568 nescio
840 2521 901 2584 quo
929 2521 1003 2568 casu
1035 2503 1203 2568 immunem
1237 2502 1397 2566 mansisse

270 2607 342 2673 belli
371 2606 514 2672 laborum
552 2625 684 2688 quornm
715 2605 882 2690 imaginem
915 2605 978 2669 iam
1015 2605 1202 2670 tristissimis
1237 2604 1397 2686 coloribus

272 2711 374 2776 animo
397 2710 456 2775 sibi
478 2709 659 2774 effinxerat?
682 2707 741 2786 Qui
769 2708 899 2773 dilectus
937 2708 1060 2789 quando
1096 2708 1222 2773 habitus
1260 2707 1302 2772 011
1338 2725 1400 2787 pro

203 2806 206 2812 ’
234 2874 235 2879 ,
273 2818 357 2877 00110
381 2812 529 2878 affirmari
551 2832 612 2877 non
634 2813 753 2892 poteSt3
776 2811 808 2875 id
834 2830 930 2874 unum
967 2816 1086 2875 certum
1122 2795 1308 2890 firmumque
1346 2815 1400 2874 001

272 2915 405 2996 elegiam
427 2915 578 2981 decimam
599 2935 661 2980 000
689 2934 716 2979 a.
742 2915 803 2978 722
840 2919 896 2978 001
932 2918 1004 2993 post
1038 2933 1065 2977 a.
1106 2915 1166 2978 722
1205 2932 1267 2994 quo
1301 2917 1400 2992 poeta

232 3037 234 3040 ·
272 3017 428 3082 Messalae
449 3019 584 3083 innotuit
605 3019 752 3099 scriptam
775 3036 845 3082 0000
868 3017 1065 3097 omniumque
1088 3036 1166 3097 quas
1181 3015 1260 3080 liber
1275 3014 1397 3096 primus

274 3120 412 3186 continet
434 3120 605 3202 elegiarum
627 3122 761 3201 primum
783 3121 892 3200 locum¹
908 3119 1057 3184 obtinere.

749 3310 908 3388 vul.
974 3378 1017 3388 ..
1133 3271 1150 3371 ’-

359 3429 488 3511 Egimus
511 3413 620 3493 adbuc
634 3429 682 3520 de
696 3430 830 3494 carmine
853 3432 985 3512 septimo
1008 3435 1041 3495 et
1063 3429 1101 3493 de
1114 3429 1244 3493 decimo·
1266 3447 1398 3508 qnorum

222 3578 227 3590 .
276 3533 409 3597 alterum
432 3536 555 3598 constat
577 3551 605 3597 a.
630 3532 690 3624 728
713 3534 862 3613 scriptum
875 3553 954 3614 esse,
978 3533 1069 3599 alteri
1091 3550 1206 3596 annum
1217 3531 1400 3596 natalicium

276 3640 426 3717 qnantum
448 3633 517 3699 fieri
538 3639 664 3716 poterat
686 3623 778 3700 modo
801 3637 1029 3718 adscripsimus.

360 3738 567 3804 Transeamus
589 3737 630 3802 ad
653 3738 789 3804 carmina
811 3740 986 3804 in-Deliam
1009 3738 1125 3818 scripta
1156 3737 1198 3820 (1.
1216 3740 1243 3802 2.
1263 3739 1293 3802 3.
1311 3738 1338 3803 5.
1356 3736 1400 3818 6.)

276 3841 314 3906 de
338 3860 470 3922 quorum
493 3841 600 3906 ordine
623 3841 682 3905 etsi
711 3843 856 3921 permulti
885 3843 943 3907 viri
966 3842 996 3908 d.
1030 3843 1062 3906 10
1095 3859 1132 3906 eo
1165 3845 1249 3906 recte
1287 3839 1400 3905 consti-

278 3943 394 4009 tuendo
417 3945 611 4014 sudaverunt
632 3945 809 4011 etiamnunc
842 3945 1019 4024 dubitatur3
1054 3949 1149 4025 atque
1182 3943 1317 4026 primum
1352 3961 1401 4006 co-

277 4065 387 4111 nemur
409 4047 435 4110 si
458 4065 496 4110 01
519 4047 800 4128 computationibus
834 4047 988 4113 historicis
1025 4065 1103 4129 quas
1140 4065 1236 4128 supra
1271 4043 1401 4109 fecimus

278 4150 396 4232 elegiae
418 4149 537 4231 primae
560 4153 597 4236 01
614 4150 726 4216 1011100
755 4155 873 4216 1001010
897 4155 1025 4232 tempus.
1045 4157 1079 4215 et
1104 4151 1205 4215 locum
1240 4147 1403 4229 assignare

174 4253 176 4260 “
278 4253 450 4334 00001000.

363 4355 408 4420 Ac
430 4355 468 4420 de
491 4355 586 4421 tertia
607 4355 733 4436 quidem
755 4355 891 4421 dubitari
912 4375 974 4420 000
995 4357 1114 4449 potest;
1143 4372 1182 4418 ex
1214 4354 1283 4434 ipsa
1316 4353 1398 4418 enim

193 4525 198 4538 ,
254 4518 258 4526 .
278 4465 367 4546 patet
376 4465 443 4526 tum
455 4460 603 4546 scriptam
614 4477 684 4526 eam
696 4475 765 4525 esse
777 4477 847 4524 cum
859 4457 997 4524 Tibullus
1013 4455 1182 4522 Messalam
1194 4456 1226 4522 in
1238 4454 1398 4522 Orientem
