3156 5040
677 351 860 414 -5..

197 539 331 620 'puellae
343 531 509 621 irrraginem
516 539 703 620 cogitatione
719 537 950 619 mentequesibi
963 536 1331 618 effinxissenobisquere-
1389 569 1392 574 ·

210 643 485 722 praesentavisses
513 627 596 706 Satis
608 640 704 705 habet
716 641 762 705 vir
773 642 801 705 d.
819 640 933 705 dixisse
949 641 1191 721 unumquodque
1207 658 1330 704 carmen
1365 721 1367 724 Ι

210 744 414 808 Tibulliannm
426 763 505 824 opus
525 762 629 824 perse
644 743 816 824 perfectum
832 749 864 807 et
876 743 1053 808 absolutum
1066 762 1136 808 esse
1148 747 1181 807 et
1194 741 1331 806 affirma-

208 847 355 910 vissesibl
368 839 1052 927 essepersuasumomniacarminalibriprimi
1063 852 1249 910 nataessea.
1259 848 1328 910 725.

293 949 393 1028 Quem
416 950 442 1014 si
465 968 632 1030 sequemur
653 949 777 1013 videtur
798 949 886 1037 nobis
917 948 956 1014 ab
984 949 1091 1013 ordine
1115 948 1331 1013 constituendo
1405 973 1406 978 ¹

206 1070 337 1132 prorsus
360 1053 574 1117 desistendum
596 1070 675 1117 esse.
721 1051 934 1116 Concedomus
957 1052 1092 1115 Leonem
1125 1057 1255 1131 propter
1277 1069 1331 1114 va-

107 1231 110 1238 .
210 1155 356 1218 rietatem
380 1155 521 1219 ordinum
544 1175 564 1218 a
585 1155 661 1218 viris
684 1155 712 1218 d.
737 1155 976 1230 constitutorum
999 1173 1056 1218 sno
1084 1155 1151 1218 iure
1184 1153 1330 1218 arbitrari

210 1257 271 1321 sibi
293 1257 392 1321 visum
415 1277 484 1322 esse
507 1257 644 1322 rationes
668 1257 769 1321 adbuc
791 1256 883 1321 initas
906 1256 1002 1322 falsas
1024 1271 1109 1335 esse;
1144 1257 1200 1320 sed
1223 1263 1329 1321 tamen

210 1379 270 1423 non
293 1360 521 1441 desperandum
544 1361 682 1438 videtur3
698 1361 793 1424 immo
810 1358 956 1440 quoniam
978 1360 1075 1424 Leoni
1097 1379 1221 1440 qumque
1248 1361 1331 1440 quod

208 1481 332 1526 carmen
355 1463 594 1544 excogitatione
610 1466 726 1542 poetae
746 1447 857 1526 ceteris
880 1463 966 1542 prius
992 1467 1077 1527 esset
1103 1461 1330 1543 respiciendum

206 1571 289 1644 crat,
314 1577 460 1634 conemur
482 1565 509 1630 si
531 1565 717 1653 testimoniis
739 1564 896 1642 historicis
912 1565 1026 1629 iterum
1041 1551 1203 1647 perpensis
1227 1570 1259 1628 et
1282 1585 1331 1628 ar-

205 1666 363 1748 gumentis
387 1668 557 1732 carminum
580 1668 746 1749 diligenter
768 1668 1178 1750 consideratisprobabilem
1191 1668 1331 1732 ordinem

207 1770 396 1834 constituere
418 1771 590 1850 possimus·
628 1771 715 1835 Haec
751 1771 833 1834 enim
856 1772 918 1835 duo
956 1770 1057 1835 officia
1093 1771 1168 1834 milri
1206 1771 1330 1851 quidem

206 1891 266 1936 non
292 1864 420 1937 dubium
446 1872 577 1937 vvidetur
599 1873 673 1954 quin
711 1874 885 1954 quicunque
921 1873 1017 1938 talem
1053 1873 1268 1954 quaestionem
1291 1877 1331 1963 acl

207 1961 356 2056 liquidum
377 1977 547 2056 perducere
571 1977 707 2040 animum
730 1976 887 2040 induxerit
909 1977 936 2039 ei
966 1976 1157 2056 praestanda
1180 1977 1250 2040 sint.

732 2271 806 2346 ΙΙ.

295 2421 354 2486 Sed
372 2422 558 2512 priusquam
583 2423 622 2486 ad
645 2423 746 2502 ipsam
769 2441 836 2486 rem
870 2422 1092 2504 aggrediamur
1113 2441 1214 2502 pauca
1242 2421 1331 2485 nobis
1411 2417 1412 2422 ’

208 2525 410 2588 memoranda
432 2525 577 2605 videntur
599 2525 638 2588 (le
661 2525 774 2590 Tibulli
802 2522 909 2590 aetate
946 2525 984 2588 de
1022 2543 1084 2605 qua
1122 2530 1206 2588 certo
1244 2524 1332 2587 testi-

206 2627 309 2690 monio
333 2645 476 2690 caremus
499 2628 543 2690 ita
566 2613 601 2691 ut
634 2647 838 2711 quaecunque
862 2629 900 2692 de
931 2647 969 2692 ea
991 2627 1124 2708 proferri
1146 2633 1278 2708 possunt
1300 2633 1332 2711 et

206 2730 329 2809 prolata
365 2734 439 2794 sunt
486 2730 625 2794 nitantur
662 2728 845 2796 coniecturis
883 2731 992 2813 eisque
1028 2730 1163 2795 incertis,
1218 2729 1330 2810 ltaque

207 2833 361 2913 quoniam,
392 2833 451 2897 nisi
474 2833 512 2896 de
533 2833 592 2897 hac
618 2853 652 2897 re
689 2834 863 2914 probabilia
899 2834 1011 2898 saltem
1034 2833 1170 2898 assecuti
1208 2817 1328 2911 snmus,

149 3016 152 3022 Ι
206 2935 376 3000 carminum
400 2941 542 3016 temporo
565 2920 699 3001 alsatis
721 2942 806 3001 recte
835 2956 987 3018 ponamus
1021 2937 1087 3000 lieri
1121 2955 1182 3000 non
1215 2940 1329 3016 potest,

206 3037 342 3102 virorum
367 3038 395 3102 d.
420 3039 459 3102 de
483 3038 565 3102 vitae
588 3023 725 3119 tempore
748 3039 859 3118 Tibulli
889 3040 1089 3121 quaestiones
1122 3039 1236 3103 iterum
1258 3057 1332 3118 per-

205 3141 347 3224 pendere.
364 3147 396 3205 et
418 3146 569 3222 quantum
591 3140 658 3206 ficri
680 3147 785 3223 potest
807 3148 943 3208 aetatem
958 3147 1071 3223 poetae
1088 3141 1180 3207 certis
1192 3141 1332 3206 terminis

206 3243 457 3309 circumscribere
480 3264 561 3309 nunc
582 3245 613 3308 in
637 3246 739 3309 animo
754 3245 922 3317 ,habemus
957 3295 960 3302 .
983 3245 985 3250 ’

292 3346 357 3410 lam
374 3347 548 3427 permultae
567 3355 640 3412 sunt
655 3349 793 3413 virorum
811 3349 973 3413 doctorum
995 3348 1105 3412 dehac
1122 3367 1155 3412 re
1173 3354 1333 3427 computa-

206 3449 307 3513 tiones
319 3469 451 3530 quorum
464 3451 653 3531 quamquam
674 3470 764 3515 snam
775 3452 906 3533 quisque
918 3451 1066 3531 speciosis
1079 3451 1271 3531 argumentis
1285 3470 1333 3514 or·
1422 3509 1424 3516 .

143 3632 148 3641 ι
205 3572 281 3616 nare
294 3559 326 3616 et
338 3553 477 3617 stabilire
494 3554 615 3618 studuit
630 3559 736 3617 tamen
747 3555 880 3636 maxime
900 3555 975 3618 mihi
991 3553 1136 3634 probavit
1147 3553 1333 3617 sententiam

204 3675 293 3720 suam
306 3656 339 3721 Ο.
356 3655 599 3740 TnGruppiusb
612 3657 664 3737 qui
671 3676 793 3722 errores
808 3658 1017 3738 eorumquiin
1031 3657 1089 3720 bac
1100 3677 1134 3720 re
1149 3656 1333 3720 excutienda

205 3759 237 3842 ei
246 3764 478 3823 antecesserant
492 3761 589 3840 probe
612 3759 769 3825 refutavit.
795 3761 856 3825 Sed
867 3760 1028 3825 videamus
1040 3759 1099 3840 ipsi
1112 3759 1266 3840 quomodo
1283 3779 1333 3822 res

211 3862 393 3925 sehabeat.
433 3918 436 3924 .
488 3859 490 3864 ’
738 3852 742 3862 ’
805 3945 809 3952 .
858 3863 860 3868 '
989 3921 994 3932 ,
1418 3944 1419 3949 ¹

297 3964 523 4039 Gravissimum
546 3967 758 4030 testimonium
782 3967 854 4030 anni
886 3965 1000 4030 natalis
1023 3965 1144 4030 Tibulli·
1168 3961 1334 4028 definiendi

211 4067 343 4146 praebet
366 4067 494 4130 Ovidius
533 4069 584 4148 qui
623 4088 660 4132 eo
696 4069 763 4132 loco
801 4069 854 4132 ubi
892 4069 1010 4148 elegiae
1037 4069 1154 4142 latinae
1177 4062 1333 4149 principes

211 4171 320 4235 ordine
343 4177 468 4234 servato
493 4177 656 4235 enumerat
679 4173 770 4248 (trist.
795 4173 848 4250 lV,
875 4173 923 4249 10,
948 4174 996 4236 51·
1012 4179 1071 4252 sq.)
1093 4172 1171 4236 hacc
1193 4170 1305 4235 habet:

365 4273 535 4354 Vergilium
558 4275 620 4338 vicli
637 4279 768 4354 tontruu,
792 4294 848 4338 nec
870 4279 966 4338 avara
988 4265 1108 4338 Tibullo

363 4377 497 4456 Tempus
521 4377 675 4440 amicitiae
698 4378 763 4441 fata
786 4378 900 4442 dedere
923 4397 1021 4442 meae.
1101 4425 1102 4428 ,

281 4547 304 4614 1)
323 4547 414 4603 Roem,
433 4548 508 4611 Eleg.
527 4564 552 4612 p.
569 4547 619 4602 rbr
639 4563 677 4612 eq.
739 4532 743 4536 ’
