3156 5040
678 268 880 332 ..22-

226 455 366 521 docuerit
389 459 494 520 aratro
518 459 550 521 et
571 456 686 520 vitibus
709 456 755 520 uti
771 456 878 536 eisque
901 455 1006 520 vinam
1030 456 1176 520 tristitiae
1199 454 1362 532 solacium

227 558 378 640 benignus
412 558 546 638 dederit3
571 559 682 639 quibus
708 559 738 622 in
770 558 913 622 laudibus
952 559 1175 640 persequendis
1208 563 1272 622 tam
1300 557 1363 621 diu

225 665 319 742 poeta
346 667 553 726 commoratus
583 666 631 725 est
665 667 700 725 ut
722 660 875 725 nonnullis
898 661 971 724 viris
995 662 1023 726 d.
1049 679 1149 741 aequo
1182 661 1312 741 longius
1341 679 1363 724 a

226 783 348 828 summa
385 762 466 827 illius
504 763 647 828 carminis
682 763 837 828 sententia
874 763 1032 844 digressus
1072 781 1141 827 esse
1178 763 1359 828 videretur.

225 865 316 929 Illum
337 865 433 947 igitur
465 867 558 954 deum
580 870 671 931 vocat
693 871 787 946 poeta
820 872 855 931 ut
878 866 964 930 adsit
986 872 1018 930 et
1046 865 1242 930 concelebret
1265 865 1361 930 diem

225 968 362 1032 natalem
388 969 551 1034 Messalae.
597 968 633 1032 In
667 973 805 1034 extremo
831 957 970 1034 'carmine
992 969 1109 1033 mentio
1133 967 1170 1032 fit
1192 969 1261 1032 viae
1285 969 1360 1032 La-

226 1070 310 1134 tinae
334 1089 352 1134 a
374 1070 511 1136 Messala
544 1090 561 1136 e
593 1071 736 1144 manibiis
759 1071 951 1153 Aquitanicis
974 1075 1094 1135 stratae
1128 1071 1357 1152 clauditurque

133 1221 135 1228 .
228 1192 350 1238 carmen
377 1174 457 1239 votis
480 1194 536 1256 pro
560 1174 668 1239 futura
690 1174 837 1240 felicitate
861 1180 892 1239 et
915 1175 1013 1256 gloria
1045 1173 1202 1242 Messalae
1246 1173 1357 1239 factis,

312 1310 379 1375 Hoc
392 1311 458 1375 fere
474 1317 523 1376 est
537 1318 756 1394 argumentum
771 1312 888 1394 elegiae
905 1311 1065 1392 septimae.
1089 1311 1156 1375 lam
1176 1311 1359 1376 considere-

227 1427 295 1478 mus
312 1432 374 1493 quo
395 1413 462 1478 iure
485 1433 585 1495 quave
607 1415 718 1480 iniuria
729 1414 894 1479 'leuffelius
910 1413 967 1478 hoc
988 1421 1111 1479 carmen
1121 1414 1358 1495 vituperatione

228 1514 354 1596 dignum
375 1517 539 1596 putaverit.
591 1517 699 1583 Liceat
730 1519 826 1601 igitar
848 1536 886 1582 ea
908 1535 988 1599 quae
1010 1517 1058 1581 vir
1085 1517 1114 1582 d.
1139 1517 1177 1581 de
1199 1517 1258 1582 hac
1280 1536 1315 1582 re
1328 1520 1354 1594 ¹.)

228 1619 383 1699 congessit
404 1619 549 1685 hocloco
572 1620 736 1707 exhibere:¹
801 1703 804 1708 Ι

312 1772 388 1837 Eine
422 1793 518 1855 gance
550 1793 660 1857 menge
682 1795 743 1840 von
765 1775 887 1856 dingen,
911 1775 988 1839 libor
1021 1774 1071 1838 die
1094 1793 1128 1838 er
1150 1773 1345 1840 ausfiihrlieh

227 1875 315 1940 hatte
337 1876 470 1941 bandeln
493 1877 624 1956 konnen,
647 1878 749 1942 zamal
781 1897 815 1942 er
837 1877 934 1942 selbst
972 1879 1070 1942 daran
1103 1877 1349 1958 te‘ilgenommen

215 1978 326 2058 batte,
349 1979 423 2044 uird
458 1998 527 2044 vom
550 1980 670 2045 dichter
698 1979 943 2061 autgenommcn,
967 1999 1075 2062 magor
1097 1980 1264 2045 behandelt
1285 1982 1352 2045 und

230 2081 302 2146 bald
324 2079 418 2146 fallen
440 2083 597 2163 gelassen3
621 2083 808 2148 schliesslich
837 2084 912 2147 uird
927 2083 994 2147 halt
1016 2083 1159 2164 gemacht
1182 2103 1221 2147 an
1248 2083 1350 2148 einem

228 2186 453 2266 gegenstandq
477 2186 555 2250 iiber
577 2187 637 2252 den
659 2187 715 2251 mit
745 2187 856 2252 violam
879 2185 1090 2250 rhetorischen
1124 2204 1236 2268 pompe
1264 2188 1350 2250 weit-

228 2288 387 2370 schucilig
415 2288 582 2370 gehandelt
611 2290 694 2354 uird.
740 2281 811 2370 Von
831 2291 886 2354 der
907 2289 1019 2372 langen
1052 2288 1226 2370 digression
1252 2287 1350 2354 findet

229 2391 284 2454 der
317 2391 437 2456 dichter
480 2411 539 2455 nor
560 2393 702 2456 miihsam
746 2393 805 2456 den
839 2411 906 2473 weg
939 2411 977 2456 zu
1006 2392 1122 2456 seinem
1145 2391 1350 2472 eigentlichen

228 2494 440 2576 gegenstande
455 2497 578 2575 curticle,
602 2514 639 2559 zu
666 2496 736 2560 dem
759 2514 793 2559 er
814 2495 893 2560 noch
916 2495 1004 2559 einen
1020 2494 1092 2559 sehr
1113 2494 1231 2558 latalen
1256 2494 1349 2558 naab-

229 2602 300 2678 trag
331 2597 457 2668 ‚macht
513 2599 599 2662 Dazu
642 2598 685 2661 im
718 2598 873 2662 einzelnen
906 2585 1157 2679 ucberladungen
1190 2597 1245 2661 des
1278 2616 1349 2662 aas·

230 2698 344 2764 drueks
368 2703 408 2782 (v.
425 2702 463 2765 13
486 2701 537 2781 n),
556 2701 713 2782 spielende
730 2705 915 2784 gegens'atze
930 2702 1006 2783 (la),
1022 2701 1206 2765 zueckloses
1234 2700 1347 2780 pathos

230 2801 343 2886 (lli),
363 2805 585 2886 ungesebiekte
600 2806 836 2887 uendungenlll
859 2803 878 2868 f.
904 2805 951 2870 13.
978 2805 1025 2868 15.
1052 2807 1099 2868 17.
1125 2805 1173 2867 21.
1199 2805 1248 2868 23.
1273 2806 1346 2887 bl),

229 2905 502 2990 wiederbolangen
535 2908 597 2988 (12.
629 2929 659 2973 u.
691 2911 749 2988 14„
790 2910 838 2974 30.
865 2908 913 2972 33.
944 2925 973 2971 u.
998 2908 1057 2986 46.,
1082 2907 1131 2972 40.
1156 2926 1185 2972 u.
1210 2907 1271 2983 43„
1296 2909 1346 2972 44.

231 3029 259 3074 u.
283 3011 357 3092 48.)‚
381 3011 580 3091 prosodische
607 3012 717 3076 harben
733 3011 775 3094 (2.
792 3012 842 3078 40.
860 3013 912 3089 a),
930 3009 1091 3090 entlegene
1106 3009 1349 3092 mythologische

185 3189 189 3200 ι
231 3114 453 3194 anspielungen
476 3114 555 3197 (54.)
577 3115 677 3179 ncben
698 3115 754 3181 der
775 3112 998 3179 bedenklicherr
1023 3111 1271 3193 identificierung
1294 3113 1349 3177 des

231 3215 329 3280 Osiris
352 3217 415 3280 und
437 3216 585 3282 Bacchus.

211 3401 215 3413 ·
319 3371 452 3452 Propter
483 3371 561 3437 haee
594 3371 690 3452 igitur
723 3371 798 3436 vitia
832 3368 997 3434 Teuffclius
1032 3388 1156 3435 camren
1184 3370 1351 3450 septimum

144 3511 149 3524 ·
231 3477 352 3538 tantum
399 3474 509 3539 abesse
557 3475 631 3540 dicit
670 3479 706 3538 ut
741 3475 823 3539 inter
859 3473 1033 3554 posteriora
1081 3490 1117 3536 ac
1164 3471 1350 3553 perfectiora

232 3575 428 3641 referendum
461 3578 503 3642 sit
526 3584 566 3666 ut
592 3583 699 3644 eontra
721 3578 858 3643 omnium
890 3576 1025 3656 primum
1056 3575 1260 3655 compositum
1282 3585 1351 3643 esse

232 3679 404 3758 putandam
437 3681 485 3746 sit.
531 3683 575 3746 Ac
608 3681 742 3763 primum
764 3680 888 3762 quidem
921 3677 1120 3758 reprehendit
1147 3678 1194 3746 vir
1216 3680 1245 3744 d.
1269 3681 1352 3762 quod

233 3788 400 3863 postquam
433 3785 605 3864 permultas
638 3803 688 3849 res
720 3783 841 3848 exiliter
872 3781 1055 3848 tractaverit
1083 3780 1113 3845 in
1144 3801 1207 3846 una
1230 3787 1351 3848 tantum

232 3903 266 3949 re
289 3889 381 3966 poeta
405 3887 557 3952 subsistat
586 3896 618 3954 et
639 3891 724 3952 totus
747 3885 812 3950 fere
844 3886 974 3951 haereat
996 3903 1089 3966 quam
1111 3901 1281 3967 permagno
1304 3907 1352 3952 or-

233 3994 310 4054 natu
332 3988 486 4055 rhetorico
521 3991 659 4057 adhibito
692 3989 809 4072 prolixe
832 3985 1015 4070 prosecutus
1052 3987 1100 4052 sit.
1147 3987 1220 4054 Tale
1242 3989 1352 4055 vitium
1471 4009 1476 4018 ·

233 4091 264 4156 in
298 4092 432 4156 carmine
454 4093 612 4160 condendo
635 4093 827 4160 committere
849 4092 989 4158 iuvenilis
1012 4110 1081 4157 esse
1103 4097 1136 4156 et
1156 4110 1218 4156 non
1239 4094 1353 4159 exculti

166 4226 169 4232 ,
228 4195 348 4277 'ingenii
364 4195 530 4261 Teuffelius
553 4198 711 4263 contendit
732 4197 876 4277 idemque
890 4215 947 4260 nos
971 4196 1061 4260 docet
1082 4195 1113 4259 in
1136 4193 1204 4258 aliis
1228 4213 1351 4278 quoque

235 4298 421 4364 carminibus
449 4318 529 4382 quae
557 4301 680 4382 etipsa
708 4300 748 4365 ad
770 4300 856 4382 prius
874 4304 1002 4380 tempus
1025 4295 1139 4361 Tibulli
1163 4298 1276 4363 aetatis
1299 4319 1348 4366 re-

301 4470 323 4542 l)
339 4470 357 4528 Ι,
375 4487 397 4528 o.
415 4487 441 4539 p.
458 4469 518 4527 355.
